4480 5940
788 788 861 889 Do
898 820 989 888 usu
1026 789 1246 919 genitivi.

307 1000 411 1066 Usum
444 997 578 1086 genitivi
611 995 790 1063 attributivi
824 995 879 1083 qui
913 995 1028 1062 dicitnr
1060 993 1241 1060 liberiorem
1276 1017 1343 1060 esse
1375 996 1535 1081 latiusque
1562 1000 1670 1084 patore
1700 996 1734 1061 in
1748 995 1867 1082 dingua

167 1123 283 1191 Grata
310 1147 405 1211 quam
432 1123 467 1189 in
496 1122 623 1201 Latina,
654 1120 853 1209 grammatici
881 1120 995 1187 dorent
1022 1124 1055 1185 et
1077 1144 1136 1186 usu
1160 1121 1374 1186 confirmatur.
1421 1120 1474 1186 Ita
1496 1144 1594 1206 quum
1619 1119 1658 1185 de
1681 1120 1867 1206 cognatione

166 1248 304 1334 quadam
328 1247 490 1334 quaeritur,
515 1247 578 1313 duo
601 1246 732 1312 nomina
754 1245 881 1335 propria
904 1244 1059 1311 eomodo
1083 1245 1328 1332 conjunguntur,
1353 1249 1389 1310 ut
1411 1245 1511 1323 nullo,
1536 1244 1620 1332 quod
1640 1243 1744 1333 ipsum
1763 1268 1866 1312 neees-

166 1372 315 1439 situdinis
337 1373 470 1459 gradum
493 1370 621 1451 indice-t,
647 1370 790 1459 apposito
814 1344 1017 1459 appellativo,
1042 1369 1178 1435 altorum
1201 1368 1342 1455 genitivo
1365 1392 1439 1435 oasu
1459 1376 1595 1457 ponatur
1610 1367 1716 1434 addito
1732 1369 1867 1435 articulo

167 1497 323 1577 vocabuli,
353 1497 438 1584 quod
460 1496 550 1585 quasi
572 1495 794 1562 subauditur.¹
839 1495 892 1561 Ex
915 1494 1110 1560 orationibus
1133 1493 1312 1560 Andocidis
1333 1494 1402 1560 hmo
1425 1493 1571 1581 exempla
1593 1492 1736 1559 afferam:
1766 1496 1793 1560 I:
1812 1499 1866 1575 47,

169 1625 300 1702 Καλλίας
331 1626 348 1685 δ
384 1624 575 1711 Αλκμαίονος;
611 1620 644 1685 I:
672 1623 736 1685 112
761 1621 893 1698 Καλλίας
914 1624 931 1682 ύ
953 1619 1123 1698 ‘laetaniarum
1159 1616 1192 1684 I:
1220 1621 1282 1684 126
1308 1621 1437 1686 Ιιόιλλίου
1467 1625 1518 1686 τοῦ
1540 1620 1712 1699 Ἱππονίκου;
1746 1618 1819 1685 HI:
1846 1623 1867 1683 3

170 1750 327 1837 Μιλτιάδην
349 1751 400 1815 τάν
424 1749 574 1834 Κίμιονος;
610 1744 682 1809 HI:
710 1748 729 1809 8
755 1745 854 1822 Νικίας
874 1747 892 1807 δ
917 1748 1098 1833 Νικηράτου,
1123 1743 1184 1811 IV:
1212 1747 1252 1809 32
1277 1747 1409 1811 Καλλίαν
1432 1749 1483 1811 τάν
1508 1746 1654 1832 Διδυμίου.
1687 1743 1745 1809 Bis
1760 1750 1867 1811 tamen

168 1871 338 1938 articulum
361 1869 468 1936 omisit
490 1877 615 1936 auotor:
640 1867 673 1932 I:
698 1872 740 1935 47
766 1870 924 1958 Χαρμίδης
946 1869 1171 1957 Ἀριστοτέλους,
1196 1867 1270 1933 III:
1288 1870 1330 1934 29
1354 1870 1700 1957 subpraepositum*
1724 1876 1756 1936 et
1770 1870 1868 1935 semel

166 2020 282 2062 nomen
313 1999 377 2073 υίύς
403 1993 547 2059 additum
576 1992 756 2060 invenimus
786 1993 820 2058 I:
845 1997 886 2061 47
913 1998 1041 2073 Νισαῖος,
1064 1997 1128 2072 υίὸς
1156 1996 1299 2082 Ταυρέου.
1344 1993 1410 2060 Sed
1433 2017 1498 2059 non
1514 1993 1618 2058 solum
1633 1992 1667 2058 in
1683 1993 1868 2081 cognatione

167 2116 455 2196 commemoranda,
478 2141 588 2183 verum
611 2117 716 2196 etiam,
741 2141 840 2204 quum
865 2116 990 2197 dieitur,
1015 2118 1106 2204 cujus
1128 2116 1163 2182 in
1185 2117 1381 2205 possessione
1404 2118 1445 2184 sit
1469 2117 1585 2205 aliquis
1600 2118 1651 2184 vel
1667 2142 1716 2183 res
1732 2117 1866 2206 aliqua’,

166 2246 228 2310 hoo
252 2241 454 2308 construendi
475 2265 575 2328 genus
597 2245 780 2330 usurpatur:
805 2241 839 2307 I:
858 2245 899 2309 17
925 2244 1024 2321 Λυδὸς
1044 2246 1062 2305 rt
1090 2244 1275 2331 Φερεκλέους
1295 2249 1346 2310 τοῦ
1373 2246 1538 2334 θημαχέιος
1555 2241 1584 2308 I:
1601 2246 1641 2308 19
1664 2243 1747 2309 idem
1760 2220 1866 2323 ¹fero⁴;

169 2369 196 2434 I:
222 2372 264 2433 38
293 2371 357 2434 ἐπεὶ
389 2370 424 2434 δὲ
457 2371 541 2456 παρὰ
576 2372 609 2434 τὸ
644 2369 824 2456 προπύλαιον
852 2373 904 2434 τοῦ
936 2369 1078 2433 Διονύσου
1101 2367 1152 2456 ἦν,
1182 2366 1210 2433 I:
1235 2371 1278 2433 42
1308 2372 1388 2457 ημᾶς
1408 2370 1443 2434 δὲ
1465 2371 1591 2435 κελεύειν
1614 2370 1704 2436 αύτδν
1727 2374 1805 2457 ἥκειν
1827 2370 1871 2446 είς

170 2495 300 2560 Καλλίου
324 2498 374 2559 τοῦ
405 2496 582 2582 Τηλεκλέους
603 2494 716 2559 omisso
740 2491 874 2558 articulo
897 2496 930 2557 et
951 2513 1026 2556 mox
1048 2490 1151 2557 infra:
1181 2496 1258 2581 ἣκειν
1281 2493 1341 2582 ἔφη
1364 2496 1407 2570 εἷς
1429 2495 1566 2560 Ιίολλίου.
1605 2492 1677 2560 Sibi
1691 2497 1799 2559 tamen
1814 2492 1868 2558 mi·

167 2617 253 2683 nime
281 2621 426 2683 constans
450 2640 515 2682 uno
538 2616 608 2683 loeo
631 2616 659 2681 I:
684 2620 727 2683 40
750 2616 890 2703 scripsit:
914 2621 963 2683 καλ
985 2622 1035 2683 νῦν
1059 2621 1137 2707 ἥκειν
1159 2619 1297 2683 κελεῦσαί
1317 2621 1346 2683 οἱ
1368 2620 1411 2696 εἷς
1432 2622 1485 2707 την
1509 2619 1672 2707 Λειορίρου
1695 2620 1789 2684 οἰκίαν
1811 2621 1868 2685 κτλ

308 2741 524 2809 Usitatissima
558 2740 675 2811 deinde
708 2748 757 2809 est
790 2741 889 2830 partis
922 2740 1122 2828 significatio,
1158 2724 1407 2830 simplicissima,
1447 2765 1545 2829 quum
1576 2741 1638 2807 duo
1673 2742 1870 2809 substantiva

167 2867 336 2955 conjuncta
358 2870 441 2947 sunt,
466 2867 557 2955 eujus
580 2866 627 2933 rei
650 2868 832 2955 exemplum
854 2890 954 2932 unum
977 2870 1102 2932 tantum
1126 2890 1145 2932 e
1167 2866 1277 2932 multis
1301 2867 1446 2933 afferam:
1470 2866 1499 2931 I:
1519 2870 1582 2932 134
1607 2869 1728 2945 τούτους
1748 2868 1867 2933 δ’ἐποί-

167 3019 228 3083 ησα
252 3000 313 3060 τῶν
335 2995 488 3081 ὑμετέρων
507 2996 551 3082 μὴ
575 2992 783 3081 διανείμασθαι
806 2995 843 3070 ἓξ
865 2995 994 3059 τάλαντα
1018 2993 1175 3091 ἀργυρίου.
1221 2991 1314 3058 Idam
1337 2991 1496 3077 genitivus
1520 3015 1592 3057 oum
1615 2990 1719 3057 verbis
1742 2997 1867 3075 conjun-

168 3122 237 3182 otus
258 3116 432 3183 invonitur:
469 3116 505 3181 I:
531 3121 573 3183 36
598 3118 709 3206 Ἐπειδὴ
732 3120 766 3184 δὲ
790 3123 883 3184 ταῦτα
910 3119 1039 3201 ἐγένετο,
1063 3117 1251 3205 Πείσανδρος
1271 3121 1319 3183 καί
1343 3120 1500 3206 Χαρικλῆς,
1523 3118 1607 3194 ὄντες
1628 3123 1686 3183 τῶν
1704 3119 1761 3204 μὲν
1784 3118 1868 3205 ζητη-

170 3248 229 3307 τῶν
258 3244 331 3320 κτλ.;
367 3240 401 3305 Ι;
428 3245 490 3307 135
520 3242 683 3331 ἄνθρωπος
708 3244 811 3308 ούτοσὶ
839 3241 909 3307 οὔτε
932 3243 1023 3319 αάτδς
1044 3244 1170 3331 appetat
1192 3249 1252 3307 τῶν
1274 3248 1377 3308 κοινῶν
1394 3246 1560 3331 χρημάτων
1583 3239 1650 3306 οὔθ’
1673 3245 1751 3330 ημᾶς
1772 3243 1867 3320 ε’ἀσει;

168 3363 237 3429 HI:
263 3368 306 3429 23
330 3367 360 3429 ολ
377 3369 433 3453 μὲν
456 3367 552 3432 τοίνυν
575 3367 657 3433 ἄλλοι
680 3370 733 3456 τὴν
756 3368 877 3456 ελρηνην
898 3371 1050 3432 ποιοῦνται
1072 3372 1132 3431 τῶν
1154 3368 1348 3455 ὑπαρχόντων
1371 3368 1509 3455 ἀφιέντες
1529 3368 1586 3431 κτλ
1609 3365 1726 3444 1:116,
1751 3364 1867 3443 111:6;

169 3487 241 3553 aliis
263 3487 297 3553 in
321 3487 409 3555 loeis.
457 3489 554 3555 Huno
576 3489 753 3576 genitivum
776 3515 815 3556 ex
840 3458 994 3555 vocabulo
1019 3488 1126 3575 aliquo
1150 3488 1265 3554 omisso
1288 3488 1420 3555 minimo
1439 3490 1577 3578 pendere
1593 3489 1763 3556 ostendunt
1776 3488 1868 3555 Kub·

168 3637 264 3679 uerus
299 3619 332 3679 et
365 3612 527 3680 Curtius.⁶
568 3613 628 3706 'Ad
658 3615 744 3680 huno
774 3613 951 3702 genitivum
983 3611 1149 3678 referenda
1180 3620 1256 3679 sunt
1287 3637 1325 3679 ea
1356 3638 1481 3703 quoque
1512 3614 1668 3703 exempla,
1697 3613 1869 3702 inquibus

168 3737 328 3824 genitivus
356 3762 375 3804 a
404 3737 601 3827 pronomine,
631 3738 696 3804 vim
722 3738 911 3805 substantivi
938 3738 1085 3816 habente,
1114 3736 1263 3826 pendet⁶t
1294 3737 1321 3801 I:
1348 3741 1411 3804 122
1442 3741 1487 3817 εἰς
1508 3745 1594 3806 τοῦτο
1614 3740 1777 3828 βδελυρίας
1798 3739 1869 3828 ἦλδε

171 3866 219 3927 καὶ
241 3867 438 3951 παρανομίας;
475 3863 523 3929 II:
550 3867 567 3930 7
602 3866 637 3942 δς
669 3866 713 3941 εἷς
744 3869 885 3930 τοσούτου
920 3863 1016 3952 ἦλθον
1050 3869 1104 3951 τῆς
1138 3864 1267 3951 ἐμαυτοῦ
1295 3865 1510 3941 δυσδαιμονίας,
1533 3862 1572 3928 de
1596 3887 1658 3951 quo
1681 3864 1751 3929 looo
1773 3887 1869 3951 supra

172 3983 416 4071 disputavimus3
446 3988 508 4055 IV:
535 3990 574 4054 17
607 3991 641 4067 δς
669 3991 713 4066 εἷς
741 3994 881 4055 τοσοῦτον
914 3988 1043 4076 ἐλήλυθε
1066 3990 1180 4077 τόλμης,
1204 3986 1289 4072 quod
1312 3985 1438 4052 dicendi
1460 4011 1561 4074 genus
1585 3987 1655 4053 aliis
1678 3988 1773 4054 etiam
1796 3987 1868 4053 sori·

171 4107 320 4198 ptoribus
354 4109 593 4179 usitatissimum
628 4120 676 4178 est
707 4111 796 4179 velut
827 4112 903 4199 Lys.
934 4111 1024 4176 XII:
1051 4116 1102 4177 22.
1150 4114 1209 4177 Καὶ
1237 4114 1280 4189 εἷς
1309 4079 1449 4178 raabam
1477 4116 1532 4179 ελσι
1568 4116 1676 4203 τόλμης
1707 4115 1868 4203 ἀφιγμένοι.

170 4233 270 4299 Isoor.
296 4233 378 4301 VH:
403 4240 423 4299 9
447 4237 491 4313 είς
512 4241 597 4304 τοῦτο
621 4237 820 4326 ἀναισθησίας
840 4241 926 4325 ἥκειν.
972 4237 1092 4303 Herod.
1118 4236 1199 4303 VH:
1225 4240 1276 4301 38.
1324 4236 1469 4323 Tbuoyd.
1495 4238 1521 4302 I:
1547 4240 1589 4303 49
1613 4237 1654 4302 al.
1684 4275 1725 4286 —
1749 4236 1869 4302 Contra

170 4356 235 4424 alia
265 4381 341 4423 usus
370 4365 417 4425 est
440 4359 671 4427 construetione
695 4360 746 4425 H:
773 4364 791 4427 7
816 4385 890 4428 mox
913 4359 997 4427 infra
1019 4360 1200 4448 exemplum
1223 4385 1320 4448 supra
1342 4360 1491 4461 oitatunr:
1516 4361 1575 4428 εἴτε
1598 4365 1645 4427 καλ
1667 4364 1787 4449 δυνάμει
1810 4368 1869 4426 τῶν

318 4556 324 4583 ¹
345 4554 411 4608 Vide
429 4554 519 4610 Kuhn.
537 4557 553 4622 d
570 4558 629 4619 414,
648 4560 674 4611 2.
710 4556 786 4613 curt.
803 4557 820 4623 g
837 4557 899 4610 409.

315 4642 325 4671 ²
343 4643 397 4699 cfr.
415 4648 506 4699 annot.
525 4644 603 4713 hujus
622 4644 679 4699 loci.

316 4732 326 4760 ⁸
345 4733 411 4787 Vide
429 4732 550 4787 Curtium
568 4734 585 4799 g
602 4734 662 4786 411.

315 4823 324 4848 ⁴
343 4821 396 4877 cfr.
415 4823 438 4877 1:
460 4823 492 4876 12
510 4824 551 4876 καλ
570 4824 612 4877 τδν
632 4819 750 4894 Μιλήτοιο
769 4824 868 4877 δούλαν.

342 4911 395 4966 Cir
422 4912 508 4967 Ktbn.
528 4910 544 4975 fi
561 4912 613 4965 416
631 4914 714 4965 annot
733 4913 750 4965 2
767 4915 795 4965 et
813 4910 898 4967 Curtii
918 4910 1128 4979 Erltuteruugen
1148 4928 1207 4981 pag.
1231 4912 1277 4967 171
1299 4911 1342 4966 dn.
1380 4912 1503 4979 Hartung
1521 4909 1585 4965 aber
1602 4910 1644 4965 dia
1662 4929 1738 4967 casus
1755 4929 1815 4983 pag.
1835 4914 1868 4968 25

171 5003 200 5055 et
218 5002 262 5055 26.
298 5001 352 5055 Cir.
370 5004 495 5068 preterea
515 5000 608 5054 Herod.
629 5001 650 5054 I:
671 5000 713 5064 67,
731 5000 792 5055 VII:
812 5002 845 5054 68
864 5001 929 5054 Xeu.
949 5000 1033 5055 Anah.
1053 5000 1075 5053 I:
1095 5003 1119 5065 5,
1139 5002 1154 5053 7
1173 5002 1246 5056 alios.

208 5120 210 5125 ,
315 5087 409 5144 ‘Vide
427 5089 514 5145 Kiibn.
531 5091 547 5157 ᾗ
565 5090 617 5144 414
635 5090 673 5157 b).
710 5088 762 5144 Cfr.
782 5091 866 5156 §⁴405
885 5091 924 5153 b).
961 5088 1012 5143 (tsr.
1031 5094 1156 5155 praterea
1175 5092 1248 5143 Deru.
1268 5090 1383 5161 Thucyd.
1404 5091 1468 5145 ren.
1486 5090 1534 5145 hae
1552 5091 1580 5145 in
1598 5106 1633 5144 re.

1803 5185 1823 5247 3
