4480 5940
462 388 500 451 14

322 629 329 649 η
414 550 595 633 ἀπαλλαγεὶς
619 549 674 613 οὐκ
700 547 776 614 ἔστιν
799 549 843 613 dre
865 547 971 635 ἕτερον
993 545 1114 635 (ἔργον)
1139 550 1206 635 περὶ
1229 547 1367 624 πλείονος
1387 549 1554 637 ἐποιούμην,
1576 545 1610 611 16
1634 568 1696 632 quo
1718 546 1789 612 loco
1812 555 1902 635 ἔργον
1925 545 2049 613 uncinis
2072 547 2118 613 in·

413 671 537 739 clusum
560 670 833 738 habctB1assins.
876 671 918 736 In
940 670 1036 758 hujus
1059 668 1147 736 modi
1169 662 1384 737 locutionibus
1407 670 1512 737 omitti
1533 672 1636 738 solere
1657 669 1737 738 talia
1759 672 1914 737 vocabula
1936 675 2067 739 constat.
2086 674 2094 706 ¹

555 796 664 883 Quum
687 794 726 862 de
748 795 854 886 ellipsi
876 795 919 863 sit
941 794 1083 881 questio,
1107 795 1193 861 haud
1216 794 1453 862 incommodum
1468 795 1650 885 putavimus
1671 795 1782 862 hocin
1797 796 1867 863 loco
1883 795 2012 885 ellipsin
2029 798 2118 865 verbi

413 923 486 988 εἶναι
501 920 512 953 ²
534 919 643 1009 paucis
666 919 830 1008 attingere.
877 920 958 1007 Qum
981 920 1069 987 verbi
1093 920 1215 1009 ellipsis
1230 945 1422 1009 quamquam
1437 920 1509 988 aliis
1524 944 1650 1008 quoquc
1664 921 1720 1010 huj
1725 944 1761 987 ns
1776 920 1895 1008 liuguae
1910 921 2118 1011 scriptoribus

413 1044 617 1112 usitatissima
643 1052 692 1112 est
716 1045 852 1132 ideoque
878 1044 1010 1113 minime
1039 1044 1217 1114 Andocidis
1245 1046 1373 1136 propria
1400 1053 1450 1114 est
1476 1045 1627 1137 putanda,
1656 1053 1763 1113 tamen
1793 1069 1857 1112 non
1880 1045 1963 1112 nihil
1985 1047 2026 1114 ad
2049 1073 2117 1115 rem

411 1170 529 1236 referre
550 1169 731 1258 putavimus
753 1170 909 1238 vocabula
931 1170 988 1237 illa
1010 1194 1207 1252 enumerare,
1231 1171 1272 1239 ad
1295 1196 1366 1259 qnae
1386 1170 1544 1238 omittitur
1563 1172 1625 1239 hoc
1644 1173 1776 1239 verbnm
1797 1171 1882 1260 apud
1904 1171 2114 1241 Andocidem.

411 1296 531 1362 Forma
558 1295 655 1374 verbi,
684 1321 755 1383 qnae
782 1295 957 1386 saepissime
984 1296 1151 1377 omittitur,
1175 1301 1238 1364 ἐστὶ
1260 1302 1324 1378 681;
1349 1297 1505 1364 vocabule
1526 1298 1596 1363 haec
1618 1296 1698 1364 fere:
1724 1301 1838 1388 ἀνάγκη
1861 1297 1889 1363 Ι;
1914 1302 1946 1380 6,
1970 1300 2037 1367 III:
2062 1305 2115 1381 26,

412 1419 483 1486 eliis
513 1419 547 1486 in
581 1420 668 1501 locis,
704 1424 865 1504 ἀναγκαῖος
895 1421 957 1489 IV:
994 1426 1024 1501 2,
1057 1425 1099 1488 28
1107 1445 1114 1503 ;
1147 1423 1230 1501 ἄξιος
1256 1422 1319 1491 IV:
1345 1427 1374 1503 3,
1400 1426 1457 1502 40,
1493 1426 1666 1502 ἀνέλπιστος
1686 1422 1748 1491 IV:
1774 1426 1831 1503 243
1857 1426 2005 1504 ἀδύνατος
2025 1425 2054 1492 Ι;
2079 1430 2114 1507 8;
2163 1426 2167 1432 ’

412 1549 521 1625 δίκαιος
548 1546 575 1612 I:
608 1549 659 1625 19,
691 1549 765 1625 143;
794 1546 856 1613 IV:
887 1550 940 1626 37,
970 1549 1022 1627 383
1048 1549 1143 1626 δεινός
1162 1546 1190 1611 I:
1219 1549 1290 1628 1023
1316 1550 1432 1635 ἕτοςοος
1453 1546 1521 1613 III:
1546 1552 1598 1629 26,
1624 1550 1676 1627 40;
1701 1551 1865 1633 ἐπάναγκες
1885 1547 1952 1615 III:
1979 1553 2030 1628 12;
2054 1553 2119 1631 οἷος

406 1672 438 1737 d:
465 1675 494 1751 7,
520 1676 572 1751 86,
600 1674 672 1751 145,
697 1673 875 1759 expositum
899 1678 947 1738 est
969 1674 1032 1739 ἐστί
1053 1671 1100 1738 H:
1127 1675 1178 1752 20;
1199 1675 1309 1762 ῥάὸιος
1330 1672 1391 1741 IV:
1417 1678 1447 1753 6;
1472 1675 1656 1763 ἐνθυμητέον
1678 1670 1706 1736 1:
1725 1675 1754 1751 7;
1778 1671 1813 1737 16
1830 1672 2115 1741 formulainterro·

410 1795 507 1883 gandi
535 1797 563 1863 τί
589 1799 623 1863 δὲ
645 1794 714 1862 ΙΠ;
739 1802 769 1863 6.
815 1796 872 1862 Ad
899 1796 1093 1884 adjectivum
1120 1800 1197 1876 εἰκός
1222 1801 1291 1863 1616
1320 1797 1478 1865 omittitur
1499 1799 1568 1865 11166
1592 1796 1680 1865 verbi
1703 1797 1819 1863 forma:
1842 1797 1869 1863 I:
1894 1802 1924 1876 6,
1952 1802 1980 1878 7;
2005 1799 2054 1866 11:
2081 1805 2112 1882 9,

413 1925 465 2002 10,
493 1925 543 2001 19,
567 1926 619 2003 26,
644 1921 711 1987 ΠΙ;
738 1925 767 2002 2,
792 1928 861 1990 tum
883 1921 1053 2011 exponitur
1075 1922 1102 1989 I:
1128 1927 1158 2003 6,
1184 1927 1227 1989 50
1251 1921 1386 2008 aliisque
1409 1923 1541 1990 fortasse
1564 1922 1650 1990 locis.

552 2046 738 2134 Antequam
771 2046 812 2114 ad
846 2071 937 2114 usum
974 2071 1103 2113 casuum
1137 2047 1360 2136 exponendum
1394 2054 1590 2115 transeamus
1618 2047 1671 2114 hic
1698 2048 1780 2114 illud
1803 2048 2109 2115 commemorandum
2236 2104 2237 2107 ¹

410 2169 544 2253 videtur,
568 2169 771 2238 Andocidem
793 2170 827 2238 iu
849 2196 910 2238 usu
933 2171 1118 2259 alloquendi
1140 2173 1349 2239 formularum
1374 2173 1606 2259 quodammodo
1630 2198 1649 2238 a
1670 2196 1785 2259 genere
1805 2171 1963 2239 scribendi
1977 2171 2107 2239 aliorum

410 2297 587 2364 meedere.⁸
633 2297 674 2363 In
702 2297 806 2386 prima
835 2297 985 2380 oratione,
1017 2322 1088 2386 quae
1118 2298 1203 2387 apud
1231 2297 1356 2386 judices
1382 2298 1493 2366 habita
1519 2303 1577 2379 est,
1601 2298 1775 2386 saepissime
1796 2297 1936 2364 formula
1958 2299 1984 2364 ὦ
2006 2298 2112 2386 ἄνδρες
2236 2330 2237 2335 ’

410 2445 486 2488 6868
508 2428 569 2491 681;
601 2427 617 2488 1
649 2421 707 2503 bis,
738 2427 768 2503 3,
797 2426 827 2502 5,
852 2428 882 2503 6,
908 2427 938 2503 8,
965 2427 1016 2503 10,
1044 2426 1093 2503 14,
1122 2426 1171 2503 15,
1201 2426 1253 2504 19,
1276 2428 1328 2504 22,
1358 2428 1410 2509 25,
1436 2427 1488 2505 27,
1514 2428 1566 2503 29,
1592 2427 1644 2504 37,
1670 2428 1722 2504 89,
1747 2427 1800 2503 43,
1826 2426 1879 2503 46,
1904 2426 1958 2502 51,
1983 2426 2034 2501 52,
2060 2425 2114 2501 54,

410 2551 463 2627 56,
488 2550 541 2627 57,
567 2550 619 2628 66,
644 2551 697 2627 67,
722 2551 763 2613 69
788 2547 846 2628 bis,
871 2552 923 2628 85,
949 2551 1001 2629 88,
1026 2552 1079 2628 92,
1106 2552 1180 2628 101,
1207 2552 1280 2629 162,
1307 2553 1369 2615 103
1393 2548 1452 2629 1118,
1479 2551 1830 2629 105,106,109,113‚
1855 2551 2020 2628 117,120,
2040 2551 2114 2627 123,

412 2676 484 2753 124,
511 2676 584 2753 127,
612 2676 684 2755 128,
711 2676 774 2740 130
797 2672 856 2753 bis,
883 2677 956 2753 132,
983 2677 1056 2753 139,
1084 2676 1157 2753 140,
1184 2677 1257 2755 142,
1285 2678 1362 2754 146;
1387 2673 1504 2741 omissa
1526 2673 1683 2763 particula
1705 2676 1732 2740 ὥ
1754 2673 1853 2740 861661
1875 2671 2119 2761 legitnrd'vdpeg
2236 2706 2237 2715 ¹

411 2803 470 2879 89;
499 2799 597 2865 861661
623 2800 650 2866 ὦ
678 2800 789 2887 ἄνδρες
815 2800 949 2865 δικασταί
977 2802 1056 2879 136;
1087 2798 1136 2865 bis
1163 2800 1190 2865 ὦ
1219 2800 1362 2890 Ἀθηναῖοι
1385 2802 1437 2879 91,
1465 2803 1537 2866 137.
1585 2799 1627 2864 In
1649 2798 1792 2865 oratione
1813 2797 1962 2877 secunda,
1988 2821 2058 2884 quae
2081 2795 2114 2862 iu
2236 2798 2237 2801 ’

411 2922 563 2991 concione
585 2922 695 2990 habita
717 2929 774 3003 681,
799 2922 959 3011 duplicem
982 2927 1108 2990 secutus
1131 2928 1180 2990 est
1202 2923 1357 2990 rationem
1381 2930 1450 2990 tum
1473 2926 1500 2991 ὦ
1523 2926 1634 3012 ἄνδρες
1655 2927 1685 3003 1,
1710 2927 1741 3003 5,
1774 2924 1843 2989 tum
1866 2925 1893 2990 ὦ
1917 2923 2060 3012 Αθηναῖοι
2082 2925 2112 3001 6,
2236 2972 2237 2983 .

412 3052 463 3128 17,
493 3053 546 3130 22,
577 3046 897 3128 2411166118,66116111
929 3053 977 3114 est
1004 3046 1084 3115 ratio
1111 3047 1224 3129 1611116,
1253 3048 1292 3114 in·
1315 3073 1379 3135 que
1409 3049 1507 3115 semel
1535 3048 1671 3116 66661111
1699 3051 1726 3116 ὦ
1753 3050 1876 3153 ἄνδρες.
1890 3049 2032 3137 Ἀθηναῖοι
2061 3046 2136 3128 13,1

410 3172 481 3239 aliis
514 3179 621 3244 antem
654 3173 733 3240 locis
760 3175 787 3240 ὦ
816 3174 966 3264 Ἀθηναῖοι.
1011 3173 1052 3238 In
1082 3179 1195 3261 quarta
1221 3174 1319 3241 semel
1345 3152 1469 3241 tantuni
1502 3174 1685 3263 hujusmodi
1716 3173 1855 3239 formula
1883 3172 2050 3262 reperitur:
2086 3174 2114 3239 ὦ

412 3300 554 3389 Αθηναῖοι
581 3302 633 3365 36.
680 3298 753 3385 Qua
781 3298 815 3364 in
843 3323 876 3366 re
904 3297 931 3366 si
960 3322 1053 3365 nsum
1081 3299 1216 3366 aliorum
1238 3300 1413 3389 inspexeris
1436 3305 1607 3380 oratorum,
1632 3298 1783 3379 invenies,
1807 3298 2056 3365 Demosthenem
2078 3297 2113 3362 in

374 3441 378 3449 ·
410 3414 603 3491 orationibus
626 3422 815 3513 Philippicis
838 3447 962 3513 semper
984 3423 1170 3493 1616161611
1194 3426 1304 3515 ἄνδρες
1324 3427 1467 3517 Ἀθηναῖοι
1489 3448 1583 3492 usum
1606 3447 1683 3505 6886,
1707 3423 1838 3512 Lysiam
1862 3423 1895 3489 in
1919 3422 2061 3490 oratione
2083 3423 2111 3488 I:

410 3552 437 3617 ὦ
460 3552 571 3640 ἄνδρες
590 3555 624 3616 61
646 3551 672 3616 ὦ
696 3549 903 3640 ἶ111ηναῖοι,111
927 3573 971 3615 61.
996 3550 1073 3615 ΧΠ
1096 3556 1128 3616 61
1150 3550 1247 3616 XIII
1284 3575 1338 3617 um
1362 3553 1389 3617 ὦ
1411 3552 1522 3640 ἄνδρες
1542 3553 1677 3618 δικασταί
1697 3557 1766 3617 16111
1789 3552 1816 3617 ὦ
1838 3550 1948 3639 ἄνδρες
1962 3549 2113 3639 Ἀθηναῖοι,

409 3674 444 3741 16
477 3699 522 3742 or.
558 3676 605 3755 X,
641 3674 741 3755 XIV,
768 3675 850 3754 XV,
880 3674 999 3756 XXV,
1028 3674 1181 3759 XXXII
1209 3698 1333 3763 semper
1360 3678 1387 3743 ὦ
1410 3676 1520 3765 ἄνδρες
1540 3678 1679 3743 δικασταί.
1725 3675 1798 3760 Qua
1820 3698 1915 3742 causa
1937 3680 2112 3740 commotus

409 3799 596 3868 varietatem
629 3798 719 3865 illam
753 3798 787 3865 in
821 3798 1002 3889 appellandi
1025 3798 1169 3867 formth
1192 3798 1374 3867 adhibuerit
1398 3799 1592 3882 Andocides,
1616 3800 1797 3867 1166166116
1820 3798 1900 3865 mihi
1923 3797 2113 3866 videtnrad

409 3923 657 4013 dijudicandum.
704 3924 854 3991 Fortasse
881 3924 948 3992 illis
976 3925 1172 4014 temporibus
1202 3949 1267 3992 nou
1291 3931 1357 3993 tam
1380 3928 1524 3995 firmatus
1546 3932 1614 3994 eret
1636 3950 1712 3993 usus
1739 3927 1855 3992 harum
1881 3948 1977 4012 quarn
2002 3930 2114 4014 postea

278 4098 285 4110 ·
409 4048 511 4117 1661118
532 4056 589 4117 681.

555 4264 562 4294 ¹
580 4265 647 4321 Vide
665 4264 773 4320 Khhner
790 4266 874 4320 locum
891 4282 950 4319 111611
967 4267 1086 4321 citatum.

552 4352 563 4381 ¹
582 4354 648 4410 Vide
666 4354 775 4409 Kirhncr
792 4355 807 4422 g
827 4356 885 4408 354.

555 4441 635 4499 ’cn
655 4444 763 4499 1111111161
781 4446 796 4512 ς
815 4444 876 4508 357,
895 4447 919 4498 4.

553 4532 562 4560 ⁴
582 4533 635 4589 cfr.
653 4537 778 4601 preterea
797 4532 888 4603 Mejeri
907 4533 1038 4601 Opnscula
1056 4532 1135 4589 head.
