<?xml version="1.0" encoding="UTF-8"?>
<!DOCTYPE html PUBLIC "-//W3C//DTD XHTML 1.0 Transitional//EN"
    "http://www.w3.org/TR/xhtml1/DTD/xhtml1-transitional.dtd">
<html xmlns="http://www.w3.org/1999/xhtml" xml:lang="en" lang="en">
 <head>
  <title>
</title>
<meta http-equiv="Content-Type" content="text/html;charset=utf-8" />
  <meta name='ocr-system' content='tesseract 3.04.00' />
  <meta name='ocr-capabilities' content='ocr_page ocr_carea ocr_par ocr_line ocrx_word'/>
</head>
<body>
  <div class='ocr_page' id='page_1' title='image "./desyntaxiandoci00erikgoog_0017.png"; bbox 0 0 4480 5940; ppageno 0'>
   <div class='ocr_carea' id='block_1_1' title="bbox 444 344 484 405">
    <p class='ocr_par' dir='ltr' id='par_1_1' title="bbox 444 344 484 405">
     <span class='ocr_line' id='line_1_1' title="bbox 444 344 484 405; baseline 0 0"><span class='ocrx_word' id='word_1_1' title='bbox 444 344 484 405; x_wconf 84' lang='lat'><strong>12</strong></span> 
     </span>
    </p>
   </div>
   <div class='ocr_carea' id='block_1_2' title="bbox 397 448 2100 714">
    <p class='ocr_par' dir='ltr' id='par_1_2' title="bbox 397 448 2100 714">
     <span class='ocr_line' id='line_1_2' title="bbox 397 448 2100 585; baseline -0.006 -17"><span class='ocrx_word' id='word_1_2' title='bbox 397 499 462 569; x_wconf 83' lang='lat' dir='ltr'><strong>VI:</strong></span> <span class='ocrx_word' id='word_1_3' title='bbox 488 502 518 579; x_wconf 81' lang='lat'><strong>4,</strong></span> <span class='ocrx_word' id='word_1_4' title='bbox 543 497 653 565; x_wconf 89' lang='lat' dir='ltr'>XXI:</span> <span class='ocrx_word' id='word_1_5' title='bbox 680 502 708 579; x_wconf 97' lang='grc'><strong>1,</strong></span> <span class='ocrx_word' id='word_1_6' title='bbox 733 501 753 563; x_wconf 84' lang='grc'>4</span> <span class='ocrx_word' id='word_1_7' title='bbox 777 496 869 576; x_wconf 88' lang='lat' dir='ltr'><strong>alias;</strong></span> <span class='ocrx_word' id='word_1_8' title='bbox 894 495 979 585; x_wconf 89' lang='lat' dir='ltr'><strong>apud</strong></span> <span class='ocrx_word' id='word_1_9' title='bbox 1001 495 1095 562; x_wconf 89' lang='lat' dir='ltr'><strong>Dem.</strong></span> <span class='ocrx_word' id='word_1_10' title='bbox 1120 500 1226 561; x_wconf 85' lang='lat' dir='ltr'><strong>tamen</strong></span> <span class='ocrx_word' id='word_1_11' title='bbox 1250 494 1369 583; x_wconf 83' lang='lat' dir='ltr'><strong>legitur</strong></span> <span class='ocrx_word' id='word_1_12' title='bbox 1393 502 1453 574; x_wconf 81' lang='grc' dir='ltr'><em>τοῖς</em></span> <span class='ocrx_word' id='word_1_13' title='bbox 1477 497 1643 575; x_wconf 77' lang='grc' dir='ltr'><strong><em>Διονυσίοις,</em></strong></span> <span class='ocrx_word' id='word_1_14' title='bbox 1669 494 1779 561; x_wconf 89' lang='lat' dir='ltr'>XXI:</span> <span class='ocrx_word' id='word_1_15' title='bbox 1811 498 1883 574; x_wconf 88' lang='grc'>163,</span> <span class='ocrx_word' id='word_1_16' title='bbox 1912 448 2100 582; x_wconf 39' lang='grc' dir='ltr'>22111611αά</span> 
     </span>
     <span class='ocr_line' id='line_1_3' title="bbox 397 622 1275 714; baseline -0.005 -23"><span class='ocrx_word' id='word_1_17' title='bbox 397 622 599 691; x_wconf 76' lang='lat' dir='ltr'><strong>Andocidem</strong></span> <span class='ocrx_word' id='word_1_18' title='bbox 623 646 698 691; x_wconf 84' lang='lat' dir='ltr'><strong>vero</strong></span> <span class='ocrx_word' id='word_1_19' title='bbox 719 622 754 688; x_wconf 86' lang='lat' dir='ltr'><strong>I:</strong></span> <span class='ocrx_word' id='word_1_20' title='bbox 780 626 833 704; x_wconf 85' lang='lat'><strong>28,</strong></span> <span class='ocrx_word' id='word_1_21' title='bbox 858 622 1084 714; x_wconf 71' lang='grc' dir='ltr'><em>Παναθηναίων</em></span> <span class='ocrx_word' id='word_1_22' title='bbox 1106 628 1153 711; x_wconf 80' lang='grc' dir='ltr'><em>τῷ</em></span> <span class='ocrx_word' id='word_1_23' title='bbox 1175 625 1275 707; x_wconf 77' lang='grc' dir='ltr'><em>ἀγῶνι.</em></span> 
     </span>
    </p>
   </div>
   <div class='ocr_carea' id='block_1_3' title="bbox 889 1142 1604 1275">
    <p class='ocr_par' dir='ltr' id='par_1_3' title="bbox 889 1142 1604 1275">
     <span class='ocr_line' id='line_1_4' title="bbox 889 1142 1604 1275; baseline -0.003 -30"><span class='ocrx_word' id='word_1_24' title='bbox 889 1146 960 1245; x_wconf 91' lang='lat' dir='ltr'><strong>De</strong></span> <span class='ocrx_word' id='word_1_25' title='bbox 996 1142 1206 1274; x_wconf 79' lang='lat' dir='ltr'><strong>Syntaxi</strong></span> <span class='ocrx_word' id='word_1_26' title='bbox 1243 1142 1604 1275; x_wconf 77' lang='lat' dir='ltr'><strong>Congruentiae.</strong></span> 
     </span>
    </p>
   </div>
   <div class='ocr_carea' id='block_1_4' title="bbox 397 1491 2107 3457">
    <p class='ocr_par' dir='ltr' id='par_1_4' title="bbox 397 1491 2102 2709">
     <span class='ocr_line' id='line_1_5' title="bbox 539 1491 2101 1582; baseline -0.003 -18"><span class='ocrx_word' id='word_1_27' title='bbox 539 1495 696 1564; x_wconf 78' lang='lat' dir='ltr'>Venimus</span> <span class='ocrx_word' id='word_1_28' title='bbox 724 1494 765 1560; x_wconf 89' lang='lat' dir='ltr'><strong>ad</strong></span> <span class='ocrx_word' id='word_1_29' title='bbox 792 1491 1007 1581; x_wconf 74' lang='lat' dir='ltr'><strong>congruentior</strong></span> <span class='ocrx_word' id='word_1_30' title='bbox 1034 1491 1200 1573; x_wconf 90' lang='lat' dir='ltr'><strong>rationem,</strong></span> <span class='ocrx_word' id='word_1_31' title='bbox 1224 1492 1258 1559; x_wconf 93' lang='lat' dir='ltr'><strong>in</strong></span> <span class='ocrx_word' id='word_1_32' title='bbox 1282 1515 1347 1579; x_wconf 88' lang='lat' dir='ltr'><strong>qua</strong></span> <span class='ocrx_word' id='word_1_33' title='bbox 1368 1517 1426 1560; x_wconf 93' lang='lat' dir='ltr'><strong>nos</strong></span> <span class='ocrx_word' id='word_1_34' title='bbox 1449 1491 1587 1582; x_wconf 90' lang='lat' dir='ltr'><strong>primum</strong></span> <span class='ocrx_word' id='word_1_35' title='bbox 1610 1491 1811 1559; x_wconf 81' lang='lat' dir='ltr'><strong>conseramus</strong></span> <span class='ocrx_word' id='word_1_36' title='bbox 1833 1492 1875 1558; x_wconf 89' lang='lat' dir='ltr'><strong>ad</strong></span> <span class='ocrx_word' id='word_1_37' title='bbox 1897 1492 2101 1560; x_wconf 81' lang='lat' dir='ltr'><strong>constructio</strong></span> 
     </span>
     <span class='ocr_line' id='line_1_6' title="bbox 397 1617 2101 1707; baseline -0.002 -18"><span class='ocrx_word' id='word_1_38' title='bbox 397 1646 471 1689; x_wconf 89' lang='lat' dir='ltr'><strong>nem</strong></span> <span class='ocrx_word' id='word_1_39' title='bbox 504 1621 593 1687; x_wconf 90' lang='lat' dir='ltr'><strong>illam</strong></span> <span class='ocrx_word' id='word_1_40' title='bbox 628 1623 702 1688; x_wconf 80' lang='grc' dir='ltr'><em>κατὰ</em></span> <span class='ocrx_word' id='word_1_41' title='bbox 736 1622 851 1687; x_wconf 79' lang='grc' dir='ltr'><em>σύνεσιν</em></span> <span class='ocrx_word' id='word_1_42' title='bbox 880 1642 950 1706; x_wconf 82' lang='lat' dir='ltr'><strong>quaa</strong></span> <span class='ocrx_word' id='word_1_43' title='bbox 974 1617 1104 1697; x_wconf 65' lang='lat' dir='ltr'><strong>dicitur,</strong></span> <span class='ocrx_word' id='word_1_44' title='bbox 1129 1641 1192 1706; x_wconf 89' lang='lat' dir='ltr'><strong>qua</strong></span> <span class='ocrx_word' id='word_1_45' title='bbox 1213 1621 1259 1699; x_wconf 89' lang='lat' dir='ltr'><strong>fit,</strong></span> <span class='ocrx_word' id='word_1_46' title='bbox 1284 1625 1321 1685; x_wconf 91' lang='lat' dir='ltr'><strong>ut</strong></span> <span class='ocrx_word' id='word_1_47' title='bbox 1342 1617 1465 1684; x_wconf 90' lang='lat' dir='ltr'><strong>nomini</strong></span> <span class='ocrx_word' id='word_1_48' title='bbox 1487 1617 1583 1685; x_wconf 90' lang='lat' dir='ltr'><strong>alicui</strong></span> <span class='ocrx_word' id='word_1_49' title='bbox 1607 1617 1772 1686; x_wconf 81' lang='lat' dir='ltr'><strong>collective</strong></span> <span class='ocrx_word' id='word_1_50' title='bbox 1795 1618 1929 1707; x_wconf 87' lang='lat' dir='ltr'><strong>pluralis</strong></span> <span class='ocrx_word' id='word_1_51' title='bbox 1951 1617 2101 1706; x_wconf 71' lang='lat' dir='ltr'>adjectivi</span> 
     </span>
     <span class='ocr_line' id='line_1_7' title="bbox 397 1742 2101 1835; baseline -0.003 -20"><span class='ocrx_word' id='word_1_52' title='bbox 397 1748 449 1815; x_wconf 80' lang='lat' dir='ltr'><strong>vel</strong></span> <span class='ocrx_word' id='word_1_53' title='bbox 471 1743 630 1835; x_wconf 88' lang='lat' dir='ltr'><strong>participii</strong></span> <span class='ocrx_word' id='word_1_54' title='bbox 653 1744 703 1812; x_wconf 82' lang='lat' dir='ltr'><strong>vel</strong></span> <span class='ocrx_word' id='word_1_55' title='bbox 726 1743 922 1834; x_wconf 81' lang='lat' dir='ltr'><strong>pronominis</strong></span> <span class='ocrx_word' id='word_1_56' title='bbox 944 1767 1096 1810; x_wconf 89' lang='lat' dir='ltr'><strong>numerus</strong></span> <span class='ocrx_word' id='word_1_57' title='bbox 1118 1743 1305 1832; x_wconf 77' lang='lat' dir='ltr'><strong>subjiciatur</strong></span> <span class='ocrx_word' id='word_1_58' title='bbox 1328 1749 1361 1811; x_wconf 92' lang='lat' dir='ltr'><strong>et</strong></span> <span class='ocrx_word' id='word_1_59' title='bbox 1383 1743 1513 1831; x_wconf 90' lang='lat' dir='ltr'><strong>quidem</strong></span> <span class='ocrx_word' id='word_1_60' title='bbox 1535 1743 1604 1831; x_wconf 89' lang='lat' dir='ltr'><strong>ejus</strong></span> <span class='ocrx_word' id='word_1_61' title='bbox 1626 1742 1760 1830; x_wconf 79' lang='lat' dir='ltr'><strong>generis,</strong></span> <span class='ocrx_word' id='word_1_62' title='bbox 1785 1742 1875 1830; x_wconf 89' lang='lat' dir='ltr'><strong>cujus</strong></span> <span class='ocrx_word' id='word_1_63' title='bbox 1897 1750 1947 1809; x_wconf 90' lang='lat' dir='ltr'><strong>est</strong></span> <span class='ocrx_word' id='word_1_64' title='bbox 1967 1766 2024 1832; x_wconf 93' lang='lat' dir='ltr'><strong>pro</strong></span> <span class='ocrx_word' id='word_1_65' title='bbox 2040 1745 2101 1810; x_wconf 89' lang='lat' dir='ltr'><strong>eol·</strong></span> 
     </span>
     <span class='ocr_line' id='line_1_8' title="bbox 397 1866 2101 1956; baseline -0.001 -19"><span class='ocrx_word' id='word_1_66' title='bbox 397 1870 512 1940; x_wconf 87' lang='lat' dir='ltr'><strong>lectivo</strong></span> <span class='ocrx_word' id='word_1_67' title='bbox 545 1870 603 1937; x_wconf 91' lang='grc'>1116</span> <span class='ocrx_word' id='word_1_68' title='bbox 637 1868 841 1956; x_wconf 82' lang='lat' dir='ltr'><strong>cogitandum</strong></span> <span class='ocrx_word' id='word_1_69' title='bbox 875 1869 1095 1936; x_wconf 81' lang='grc' dir='ltr'><strong>1666161616.ι</strong></span> <span class='ocrx_word' id='word_1_70' title='bbox 1142 1870 1194 1936; x_wconf 85' lang='lat' dir='ltr'><strong>Ita</strong></span> <span class='ocrx_word' id='word_1_71' title='bbox 1221 1872 1267 1949; x_wconf 89' lang='lat' dir='ltr'><strong>fit,</strong></span> <span class='ocrx_word' id='word_1_72' title='bbox 1297 1875 1342 1949; x_wconf 90' lang='lat' dir='ltr'><strong>ut,</strong></span> <span class='ocrx_word' id='word_1_73' title='bbox 1372 1892 1470 1955; x_wconf 90' lang='lat' dir='ltr'><strong>quum</strong></span> <span class='ocrx_word' id='word_1_74' title='bbox 1493 1867 1534 1935; x_wconf 90' lang='lat' dir='ltr'><strong>ad</strong></span> <span class='ocrx_word' id='word_1_75' title='bbox 1556 1866 1791 1936; x_wconf 79' lang='lat' dir='ltr'><strong>substantivum</strong></span> <span class='ocrx_word' id='word_1_76' title='bbox 1814 1867 2016 1934; x_wconf 79' lang='lat' dir='ltr'><strong>collectivum</strong></span> <span class='ocrx_word' id='word_1_77' title='bbox 2038 1867 2101 1935; x_wconf 92' lang='lat' dir='ltr'><strong>duo</strong></span> 
     </span>
     <span class='ocr_line' id='line_1_9' title="bbox 399 1986 2101 2084; baseline -0.003 -21"><span class='ocrx_word' id='word_1_78' title='bbox 399 1996 559 2063; x_wconf 86' lang='lat' dir='ltr'><strong>adduntur</strong></span> <span class='ocrx_word' id='word_1_79' title='bbox 581 1993 733 2084; x_wconf 87' lang='lat' dir='ltr'><strong>apposita,</strong></span> <span class='ocrx_word' id='word_1_80' title='bbox 762 1994 896 2060; x_wconf 86' lang='lat' dir='ltr'><strong>alterum</strong></span> <span class='ocrx_word' id='word_1_81' title='bbox 919 1993 954 2059; x_wconf 94' lang='lat' dir='ltr'><strong>in</strong></span> <span class='ocrx_word' id='word_1_82' title='bbox 977 1986 1109 2060; x_wconf 82' lang='lat' dir='ltr'><strong>nume&#39;ro</strong></span> <span class='ocrx_word' id='word_1_83' title='bbox 1131 1992 1296 2081; x_wconf 78' lang='lat' dir='ltr'><strong>singulari,</strong></span> <span class='ocrx_word' id='word_1_84' title='bbox 1321 1993 1457 2060; x_wconf 87' lang='lat' dir='ltr'><strong>alterum</strong></span> <span class='ocrx_word' id='word_1_85' title='bbox 1480 2000 1587 2061; x_wconf 83' lang='lat' dir='ltr'><strong>autem</strong></span> <span class='ocrx_word' id='word_1_86' title='bbox 1609 1993 1642 2059; x_wconf 92' lang='lat' dir='ltr'><strong>in</strong></span> <span class='ocrx_word' id='word_1_87' title='bbox 1659 1992 1777 2082; x_wconf 79' lang='lat' dir='ltr'><strong>plurali</strong></span> <span class='ocrx_word' id='word_1_88' title='bbox 1797 1997 2000 2060; x_wconf 89' lang='lat' dir='ltr'><strong>construatur</strong></span> <span class='ocrx_word' id='word_1_89' title='bbox 2014 1994 2101 2060; x_wconf 89' lang='lat' dir='ltr'><strong>velut</strong></span> 
     </span>
     <span class='ocr_line' id='line_1_10' title="bbox 400 2118 2098 2209; baseline 0.001 -23"><span class='ocrx_word' id='word_1_90' title='bbox 400 2121 432 2186; x_wconf 91' lang='lat' dir='ltr'><strong>I:</strong></span> <span class='ocrx_word' id='word_1_91' title='bbox 458 2124 499 2186; x_wconf 84' lang='lat'><strong>45</strong></span> <span class='ocrx_word' id='word_1_92' title='bbox 529 2125 549 2209; x_wconf 78' lang='grc' dir='ltr'><em>η</em></span> <span class='ocrx_word' id='word_1_93' title='bbox 578 2122 612 2186; x_wconf 80' lang='grc' dir='ltr'><strong>δὲ</strong></span> <span class='ocrx_word' id='word_1_94' title='bbox 638 2122 736 2208; x_wconf 78' lang='grc' dir='ltr'><em>βουλὴ</em></span> <span class='ocrx_word' id='word_1_95' title='bbox 766 2118 933 2196; x_wconf 78' lang='grc' dir='ltr'><em>ἐξελθοῦσα</em></span> <span class='ocrx_word' id='word_1_96' title='bbox 960 2121 993 2187; x_wconf 80' lang='grc' dir='ltr'><strong>ἐν</strong></span> <span class='ocrx_word' id='word_1_97' title='bbox 1016 2122 1183 2208; x_wconf 73' lang='grc' dir='ltr'><strong>ἀπορρήτῳ</strong></span> <span class='ocrx_word' id='word_1_98' title='bbox 1205 2121 1370 2204; x_wconf 75' lang='grc' dir='ltr'><em>συνέλαβεν</em></span> <span class='ocrx_word' id='word_1_99' title='bbox 1393 2123 1540 2207; x_wconf 75' lang='grc' dir='ltr'><em>ἡμᾶςκαὶ</em></span> <span class='ocrx_word' id='word_1_100' title='bbox 1562 2120 1669 2207; x_wconf 74' lang='grc' dir='ltr'><em>ἔδησεν</em></span> <span class='ocrx_word' id='word_1_101' title='bbox 1692 2121 1725 2187; x_wconf 83' lang='grc' dir='ltr'><strong>ἐν</strong></span> <span class='ocrx_word' id='word_1_102' title='bbox 1748 2122 1934 2198; x_wconf 80' lang='grc' dir='ltr'><em>τοῖςξύλοις</em></span> <span class='ocrx_word' id='word_1_103' title='bbox 1957 2122 2098 2187; x_wconf 71' lang='lat' dir='ltr'><strong>donauit·</strong></span> 
     </span>
     <span class='ocr_line' id='line_1_11' title="bbox 399 2242 2102 2334; baseline -0.001 -22"><span class='ocrx_word' id='word_1_104' title='bbox 399 2244 513 2324; x_wconf 77' lang='grc' dir='ltr'><em>σαντες</em></span> <span class='ocrx_word' id='word_1_105' title='bbox 535 2247 593 2320; x_wconf 80' lang='grc' dir='ltr'><em>κτλ,</em></span> <span class='ocrx_word' id='word_1_106' title='bbox 626 2242 815 2310; x_wconf 88' lang='lat' dir='ltr'><strong>subauditur</strong></span> <span class='ocrx_word' id='word_1_107' title='bbox 847 2247 875 2309; x_wconf 89' lang='grc' dir='ltr'><strong>οί</strong></span> <span class='ocrx_word' id='word_1_108' title='bbox 906 2245 1069 2329; x_wconf 78' lang='grc' dir='ltr'><em>βουλευταὶ</em></span> <span class='ocrx_word' id='word_1_109' title='bbox 1074 2274 1085 2325; x_wconf 93' lang='grc'><strong>,·</strong></span> <span class='ocrx_word' id='word_1_110' title='bbox 1112 2244 1145 2309; x_wconf 84' lang='grc' dir='ltr'><strong>Ι;</strong></span> <span class='ocrx_word' id='word_1_111' title='bbox 1182 2247 1220 2310; x_wconf 88' lang='lat'><strong>51</strong></span> <span class='ocrx_word' id='word_1_112' title='bbox 1254 2247 1307 2334; x_wconf 76' lang='grc' dir='ltr'><em>την</em></span> <span class='ocrx_word' id='word_1_113' title='bbox 1336 2247 1371 2312; x_wconf 82' lang='grc' dir='ltr'><strong>ἀὲ</strong></span> <span class='ocrx_word' id='word_1_114' title='bbox 1402 2247 1482 2312; x_wconf 85' lang='grc' dir='ltr'><em>πόλιν</em></span> <span class='ocrx_word' id='word_1_115' title='bbox 1510 2247 1543 2312; x_wconf 81' lang='grc' dir='ltr'><strong>ἐν</strong></span> <span class='ocrx_word' id='word_1_116' title='bbox 1573 2250 1671 2323; x_wconf 79' lang='grc' dir='ltr'><em>κακοῖς</em></span> <span class='ocrx_word' id='word_1_117' title='bbox 1690 2243 1784 2310; x_wconf 81' lang='grc' dir='ltr'><em>οὖσαν</em></span> <span class='ocrx_word' id='word_1_118' title='bbox 1808 2250 1869 2322; x_wconf 87' lang='grc' dir='ltr'><em>τοῖς</em></span> <span class='ocrx_word' id='word_1_119' title='bbox 1885 2245 2034 2332; x_wconf 66' lang='grc' dir='ltr'><em>μεγίστοις</em></span> <span class='ocrx_word' id='word_1_120' title='bbox 2054 2248 2102 2311; x_wconf 79' lang='grc' dir='ltr'><em>καί</em></span> 
     </span>
     <span class='ocr_line' id='line_1_12' title="bbox 401 2366 2102 2459; baseline -0.001 -24"><span class='ocrx_word' id='word_1_121' title='bbox 401 2372 530 2457; x_wconf 75' lang='grc' dir='ltr'><em>ύπυύίαν</em></span> <span class='ocrx_word' id='word_1_122' title='bbox 552 2372 596 2449; x_wconf 86' lang='grc' dir='ltr'><em>είς</em></span> <span class='ocrx_word' id='word_1_123' title='bbox 616 2372 763 2458; x_wconf 74' lang='grc' dir='ltr'><em>ἀλλήλους</em></span> <span class='ocrx_word' id='word_1_124' title='bbox 783 2369 914 2459; x_wconf 80' lang='grc' dir='ltr'><em>ἔχοντας,</em></span> <span class='ocrx_word' id='word_1_125' title='bbox 937 2366 1127 2436; x_wconf 78' lang='lat' dir='ltr'><strong>subauditur</strong></span> <span class='ocrx_word' id='word_1_126' title='bbox 1150 2370 1219 2448; x_wconf 85' lang='grc' dir='ltr'><em>τοὺς</em></span> <span class='ocrx_word' id='word_1_127' title='bbox 1239 2371 1365 2448; x_wconf 80' lang='grc' dir='ltr'><em>πολίτας.</em></span> <span class='ocrx_word' id='word_1_128' title='bbox 1410 2370 1590 2436; x_wconf 90' lang='lat' dir='ltr'><strong>Pronomen</strong></span> <span class='ocrx_word' id='word_1_129' title='bbox 1606 2369 1647 2435; x_wconf 88' lang='lat' dir='ltr'><strong>ad</strong></span> <span class='ocrx_word' id='word_1_130' title='bbox 1662 2392 1777 2436; x_wconf 89' lang='lat' dir='ltr'><strong>noman</strong></span> <span class='ocrx_word' id='word_1_131' title='bbox 1793 2367 1959 2456; x_wconf 78' lang='lat' dir='ltr'><strong>singularis</strong></span> <span class='ocrx_word' id='word_1_132' title='bbox 1974 2368 2102 2434; x_wconf 89' lang='lat' dir='ltr'><strong>numeri</strong></span> 
     </span>
     <span class='ocr_line' id='line_1_13' title="bbox 400 2492 2096 2584; baseline -0.002 -24"><span class='ocrx_word' id='word_1_133' title='bbox 400 2494 534 2560; x_wconf 91' lang='lat' dir='ltr'><strong>relatum</strong></span> <span class='ocrx_word' id='word_1_134' title='bbox 563 2492 598 2558; x_wconf 94' lang='lat' dir='ltr'><strong>in</strong></span> <span class='ocrx_word' id='word_1_135' title='bbox 626 2492 743 2582; x_wconf 86' lang='lat' dir='ltr'><strong>plurali</strong></span> <span class='ocrx_word' id='word_1_136' title='bbox 770 2492 912 2582; x_wconf 90' lang='lat' dir='ltr'><strong>ponitur:</strong></span> <span class='ocrx_word' id='word_1_137' title='bbox 959 2492 1012 2558; x_wconf 91' lang='lat' dir='ltr'><strong>H:</strong></span> <span class='ocrx_word' id='word_1_138' title='bbox 1038 2497 1080 2559; x_wconf 85' lang='grc'><strong>26</strong></span> <span class='ocrx_word' id='word_1_139' title='bbox 1104 2495 1199 2561; x_wconf 83' lang='grc' dir='ltr'><em>είλετο</em></span> <span class='ocrx_word' id='word_1_140' title='bbox 1218 2497 1335 2581; x_wconf 79' lang='grc' dir='ltr'><em>μᾶλλον</em></span> <span class='ocrx_word' id='word_1_141' title='bbox 1357 2497 1488 2561; x_wconf 81' lang='grc' dir='ltr'><em>ἐκπεσεῖν</em></span> <span class='ocrx_word' id='word_1_142' title='bbox 1507 2497 1585 2583; x_wconf 83' lang='grc' dir='ltr'><em>μετὰ</em></span> <span class='ocrx_word' id='word_1_143' title='bbox 1611 2500 1663 2561; x_wconf 84' lang='grc' dir='ltr'><em>τοῦ</em></span> <span class='ocrx_word' id='word_1_144' title='bbox 1686 2496 1782 2584; x_wconf 75' lang='grc' dir='ltr'><em>θηρου</em></span> <span class='ocrx_word' id='word_1_145' title='bbox 1805 2498 1852 2560; x_wconf 77' lang='grc' dir='ltr'><em>καὶ</em></span> <span class='ocrx_word' id='word_1_146' title='bbox 1872 2493 1989 2582; x_wconf 78' lang='grc' dir='ltr'><em>φεύγων</em></span> <span class='ocrx_word' id='word_1_147' title='bbox 2011 2518 2096 2558; x_wconf 76' lang='grc' dir='ltr'><em>τωο·</em></span> 
     </span>
     <span class='ocr_line' id='line_1_14' title="bbox 401 2617 1618 2709; baseline 0 -23"><span class='ocrx_word' id='word_1_148' title='bbox 401 2620 507 2687; x_wconf 79' lang='grc' dir='ltr'><em>παθεῖν</em></span> <span class='ocrx_word' id='word_1_149' title='bbox 525 2621 642 2706; x_wconf 81' lang='grc' dir='ltr'><em>μᾶλλον</em></span> <span class='ocrx_word' id='word_1_150' title='bbox 664 2619 684 2707; x_wconf 69' lang='grc' dir='ltr'><em>ἢ</em></span> <span class='ocrx_word' id='word_1_151' title='bbox 708 2620 858 2708; x_wconf 76' lang='grc' dir='ltr'><em>προδότης</em></span> <span class='ocrx_word' id='word_1_152' title='bbox 878 2620 979 2685; x_wconf 86' lang='grc' dir='ltr'><em>αύτῶν</em></span> <span class='ocrx_word' id='word_1_153' title='bbox 1002 2621 1137 2706; x_wconf 84' lang='lat' dir='ltr'><strong>(spectat</strong></span> <span class='ocrx_word' id='word_1_154' title='bbox 1159 2617 1199 2685; x_wconf 84' lang='lat' dir='ltr'><strong>od</strong></span> <span class='ocrx_word' id='word_1_155' title='bbox 1223 2625 1275 2685; x_wconf 87' lang='grc' dir='ltr'><em>τοῦ</em></span> <span class='ocrx_word' id='word_1_156' title='bbox 1297 2621 1407 2709; x_wconf 74' lang='grc' dir='ltr'><em>δῆμον)</em></span> <span class='ocrx_word' id='word_1_157' title='bbox 1432 2627 1618 2709; x_wconf 77' lang='grc' dir='ltr'><em>καταστῆναι.</em></span> 
     </span>
    </p>

    <p class='ocr_par' dir='ltr' id='par_1_5' title="bbox 401 2740 2107 3457">
     <span class='ocr_line' id='line_1_15' title="bbox 533 2740 2099 2834; baseline -0.001 -26"><span class='ocrx_word' id='word_1_158' title='bbox 533 2742 651 2810; x_wconf 80' lang='lat' dir='ltr'><strong>Eidem</strong></span> <span class='ocrx_word' id='word_1_159' title='bbox 662 2740 887 2809; x_wconf 80' lang='lat' dir='ltr'><strong>constructioni</strong></span> <span class='ocrx_word' id='word_1_160' title='bbox 898 2743 960 2809; x_wconf 91' lang='lat' dir='ltr'><strong>hoc</strong></span> <span class='ocrx_word' id='word_1_161' title='bbox 975 2742 1249 2809; x_wconf 88' lang='lat' dir='ltr'><strong>annumerandum</strong></span> <span class='ocrx_word' id='word_1_162' title='bbox 1261 2744 1451 2834; x_wconf 80' lang='lat' dir='ltr'><strong>exemplum:</strong></span> <span class='ocrx_word' id='word_1_163' title='bbox 1468 2744 1530 2813; x_wconf 83' lang='lat' dir='ltr'><strong>IV:</strong></span> <span class='ocrx_word' id='word_1_164' title='bbox 1545 2749 1586 2811; x_wconf 83' lang='lat'><strong>22</strong></span> <span class='ocrx_word' id='word_1_165' title='bbox 1604 2745 1818 2833; x_wconf 69' lang='grc' dir='ltr'><em>παοαάείγρατι</em></span> <span class='ocrx_word' id='word_1_166' title='bbox 1834 2745 1930 2830; x_wconf 88' lang='grc' dir='ltr'><em>τούτῳ</em></span> <span class='ocrx_word' id='word_1_167' title='bbox 1940 2745 2099 2831; x_wconf 79' lang='grc' dir='ltr'><em>χρώμενοι,</em></span> 
     </span>
     <span class='ocr_line' id='line_1_16' title="bbox 402 2865 2102 2959; baseline -0.003 -23"><span class='ocrx_word' id='word_1_168' title='bbox 402 2871 771 2959; x_wconf 77' lang='grc' dir='ltr'><em>θςτηλααύταςποαῖται</em></span> <span class='ocrx_word' id='word_1_169' title='bbox 794 2874 853 2935; x_wconf 84' lang='grc' dir='ltr'><em>τῶν</em></span> <span class='ocrx_word' id='word_1_170' title='bbox 876 2872 1099 2957; x_wconf 72' lang='grc' dir='ltr'><em>ἀραοτηράτων</em></span> <span class='ocrx_word' id='word_1_171' title='bbox 1122 2871 1298 2957; x_wconf 79' lang='grc' dir='ltr'><em>ὑπερβολάς.</em></span> <span class='ocrx_word' id='word_1_172' title='bbox 1342 2869 1384 2935; x_wconf 91' lang='grc' dir='ltr'><strong>Ι6</strong></span> <span class='ocrx_word' id='word_1_173' title='bbox 1407 2892 1467 2936; x_wconf 88' lang='lat' dir='ltr'><strong>usn</strong></span> <span class='ocrx_word' id='word_1_174' title='bbox 1489 2892 1693 2937; x_wconf 89' lang='lat' dir='ltr'><strong>numerorum</strong></span> <span class='ocrx_word' id='word_1_175' title='bbox 1709 2874 1861 2957; x_wconf 76' lang='lat' dir='ltr'><strong>praterea</strong></span> <span class='ocrx_word' id='word_1_176' title='bbox 1876 2865 2102 2946; x_wconf 84' lang='lat' dir='ltr'><strong>annotandum,</strong></span> 
     </span>
     <span class='ocr_line' id='line_1_17' title="bbox 401 2991 2104 3083; baseline -0.002 -24"><span class='ocrx_word' id='word_1_177' title='bbox 401 3016 576 3083; x_wconf 84' lang='lat' dir='ltr'><strong>pronomen</strong></span> <span class='ocrx_word' id='word_1_178' title='bbox 598 2991 767 3060; x_wconf 86' lang='lat' dir='ltr'><strong>relativum</strong></span> <span class='ocrx_word' id='word_1_179' title='bbox 789 2991 830 3058; x_wconf 88' lang='lat' dir='ltr'><strong>ad</strong></span> <span class='ocrx_word' id='word_1_180' title='bbox 853 2992 1084 3063; x_wconf 87' lang='lat' dir='ltr'><strong>substantivum</strong></span> <span class='ocrx_word' id='word_1_181' title='bbox 1107 2992 1232 3061; x_wconf 85' lang='lat' dir='ltr'><strong>numeri</strong></span> <span class='ocrx_word' id='word_1_182' title='bbox 1255 2992 1398 3083; x_wconf 88' lang='lat' dir='ltr'><strong>pluralis,</strong></span> <span class='ocrx_word' id='word_1_183' title='bbox 1422 3000 1459 3061; x_wconf 91' lang='lat' dir='ltr'><strong>ut</strong></span> <span class='ocrx_word' id='word_1_184' title='bbox 1481 2993 1615 3076; x_wconf 85' lang='lat' dir='ltr'><strong>videtur,</strong></span> <span class='ocrx_word' id='word_1_185' title='bbox 1640 2994 1785 3073; x_wconf 85' lang='lat' dir='ltr'><strong>relatum,</strong></span> <span class='ocrx_word' id='word_1_186' title='bbox 1809 2993 1844 3059; x_wconf 91' lang='lat' dir='ltr'><strong>in</strong></span> <span class='ocrx_word' id='word_1_187' title='bbox 1863 2991 2018 3080; x_wconf 82' lang='lat' dir='ltr'><strong>singulari</strong></span> <span class='ocrx_word' id='word_1_188' title='bbox 2033 3014 2104 3057; x_wconf 90' lang='lat' dir='ltr'><strong>oon·</strong></span> 
     </span>
     <span class='ocr_line' id='line_1_18' title="bbox 401 3116 2104 3209; baseline -0.002 -24"><span class='ocrx_word' id='word_1_189' title='bbox 401 3117 497 3186; x_wconf 86' lang='lat' dir='ltr'><strong>strui:</strong></span> <span class='ocrx_word' id='word_1_190' title='bbox 521 3119 583 3186; x_wconf 85' lang='lat' dir='ltr'><strong>IV:</strong></span> <span class='ocrx_word' id='word_1_191' title='bbox 608 3122 628 3184; x_wconf 85' lang='lat'>2</span> <span class='ocrx_word' id='word_1_192' title='bbox 652 3119 816 3207; x_wconf 72' lang='grc' dir='ltr'><em>προθύμων</em></span> <span class='ocrx_word' id='word_1_193' title='bbox 834 3120 892 3206; x_wconf 76' lang='grc' dir='ltr'><strong>μὲν</strong></span> <span class='ocrx_word' id='word_1_194' title='bbox 914 3122 962 3184; x_wconf 80' lang='grc' dir='ltr'><em>καλ</em></span> <span class='ocrx_word' id='word_1_195' title='bbox 984 3118 1111 3203; x_wconf 77' lang='grc' dir='ltr'><em>ἀγαθῶν</em></span> <span class='ocrx_word' id='word_1_196' title='bbox 1134 3121 1256 3207; x_wconf 80' lang='grc' dir='ltr'><em>ἀνδρῶν</em></span> <span class='ocrx_word' id='word_1_197' title='bbox 1278 3122 1361 3207; x_wconf 78' lang='grc' dir='ltr'><em>ὑμῶν</em></span> <span class='ocrx_word' id='word_1_198' title='bbox 1384 3124 1546 3209; x_wconf 68' lang='grc' dir='ltr'><em>τυηηοίνων,</em></span> <span class='ocrx_word' id='word_1_199' title='bbox 1569 3122 1599 3185; x_wconf 74' lang='grc' dir='ltr'><strong>δὲ</strong></span> <span class='ocrx_word' id='word_1_200' title='bbox 1621 3122 1696 3209; x_wconf 75' lang='grc' dir='ltr'><em>ὅπερ</em></span> <span class='ocrx_word' id='word_1_201' title='bbox 1718 3122 1860 3206; x_wconf 78' lang='grc' dir='ltr'><em>σώζοραι,</em></span> <span class='ocrx_word' id='word_1_202' title='bbox 1881 3116 1937 3185; x_wconf 92' lang='lat' dir='ltr'><strong>ubi</strong></span> <span class='ocrx_word' id='word_1_203' title='bbox 1952 3116 2104 3205; x_wconf 85' lang='lat' dir='ltr'><strong>scriptum</strong></span> 
     </span>
     <span class='ocr_line' id='line_1_19' title="bbox 401 3239 2107 3332; baseline -0.002 -21"><span class='ocrx_word' id='word_1_204' title='bbox 401 3243 472 3311; x_wconf 78' lang='lat' dir='ltr'><strong>vult</strong></span> <span class='ocrx_word' id='word_1_205' title='bbox 484 3241 632 3309; x_wconf 87' lang='lat' dir='ltr'><strong>Baiterus</strong></span> <span class='ocrx_word' id='word_1_206' title='bbox 648 3266 721 3309; x_wconf 91' lang='lat' dir='ltr'><strong>cum</strong></span> <span class='ocrx_word' id='word_1_207' title='bbox 743 3241 861 3308; x_wconf 84' lang='lat' dir='ltr'><strong>Markl.</strong></span> <span class='ocrx_word' id='word_1_208' title='bbox 885 3245 915 3308; x_wconf 78' lang='grc'><strong>111</strong></span> <span class='ocrx_word' id='word_1_209' title='bbox 937 3244 1048 3332; x_wconf 81' lang='grc' dir='ltr'><em>ὧνπερ,</em></span> <span class='ocrx_word' id='word_1_210' title='bbox 1071 3242 1128 3328; x_wconf 90' lang='lat' dir='ltr'><strong>qui</strong></span> <span class='ocrx_word' id='word_1_211' title='bbox 1151 3246 1258 3309; x_wconf 90' lang='lat' dir='ltr'><strong>tamen</strong></span> <span class='ocrx_word' id='word_1_212' title='bbox 1280 3243 1369 3310; x_wconf 92' lang='lat' dir='ltr'><strong>locus</strong></span> <span class='ocrx_word' id='word_1_213' title='bbox 1392 3243 1484 3310; x_wconf 85' lang='lat' dir='ltr'><strong>aliter</strong></span> <span class='ocrx_word' id='word_1_214' title='bbox 1506 3242 1658 3332; x_wconf 82' lang='lat' dir='ltr'><strong>explicari</strong></span> <span class='ocrx_word' id='word_1_215' title='bbox 1681 3241 1790 3331; x_wconf 83' lang='lat' dir='ltr'><strong>possit,</strong></span> <span class='ocrx_word' id='word_1_216' title='bbox 1813 3266 1889 3308; x_wconf 90' lang='lat' dir='ltr'><strong>nam</strong></span> <span class='ocrx_word' id='word_1_217' title='bbox 1912 3243 1949 3308; x_wconf 78' lang='grc' dir='ltr'><strong>δι’</strong></span> <span class='ocrx_word' id='word_1_218' title='bbox 1972 3245 2048 3330; x_wconf 72' lang='grc' dir='ltr'><em>ὅπερ</em></span> <span class='ocrx_word' id='word_1_219' title='bbox 2064 3239 2107 3306; x_wconf 88' lang='lat' dir='ltr'><strong>ad</strong></span> 
     </span>
     <span class='ocr_line' id='line_1_20' title="bbox 402 3365 2106 3457; baseline -0.001 -23"><span class='ocrx_word' id='word_1_220' title='bbox 402 3372 503 3435; x_wconf 91' lang='lat' dir='ltr'><strong>totam</strong></span> <span class='ocrx_word' id='word_1_221' title='bbox 533 3365 648 3433; x_wconf 86' lang='lat' dir='ltr'><strong>melius</strong></span> <span class='ocrx_word' id='word_1_222' title='bbox 680 3366 814 3433; x_wconf 87' lang='lat' dir='ltr'><strong>refertur</strong></span> <span class='ocrx_word' id='word_1_223' title='bbox 842 3366 1031 3434; x_wconf 89' lang='lat' dir='ltr'><strong>seutentiam</strong></span> <span class='ocrx_word' id='word_1_224' title='bbox 1063 3367 1295 3455; x_wconf 83' lang='lat' dir='ltr'><strong>praecedentem</strong></span> <span class='ocrx_word' id='word_1_225' title='bbox 1324 3392 1419 3454; x_wconf 88' lang='lat' dir='ltr'><strong>quam</strong></span> <span class='ocrx_word' id='word_1_226' title='bbox 1449 3369 1489 3436; x_wconf 92' lang='lat' dir='ltr'><strong>ad</strong></span> <span class='ocrx_word' id='word_1_227' title='bbox 1519 3369 1674 3436; x_wconf 85' lang='lat' dir='ltr'><strong>voeabula</strong></span> <span class='ocrx_word' id='word_1_228' title='bbox 1699 3366 1758 3434; x_wconf 89' lang='lat' dir='ltr'><strong>illa</strong></span> <span class='ocrx_word' id='word_1_229' title='bbox 1785 3368 1949 3457; x_wconf 77' lang='grc' dir='ltr'><em>προθύμων</em></span> <span class='ocrx_word' id='word_1_230' title='bbox 1973 3370 2030 3455; x_wconf 79' lang='grc' dir='ltr'><strong>μὲν</strong></span> <span class='ocrx_word' id='word_1_231' title='bbox 2057 3394 2106 3432; x_wconf 78' lang='grc' dir='ltr'><em>και</em></span> 
     </span>
    </p>
   </div>
   <div class='ocr_carea' id='block_1_5' title="bbox 282 3490 2106 3581">
    <p class='ocr_par' dir='ltr' id='par_1_6' title="bbox 282 3490 2106 3581">
     <span class='ocr_line' id='line_1_21' title="bbox 282 3490 2106 3581; baseline -0.001 -22"><span class='ocrx_word' id='word_1_232' title='bbox 282 3565 288 3579; x_wconf 52' lang='grc'><strong>,</strong></span> <span class='ocrx_word' id='word_1_233' title='bbox 403 3492 558 3578; x_wconf 61' lang='grc' dir='ltr'><em>ἀγαθῶν)</em></span> <span class='ocrx_word' id='word_1_234' title='bbox 602 3491 690 3558; x_wconf 89' lang='lat' dir='ltr'><strong>Huic</strong></span> <span class='ocrx_word' id='word_1_235' title='bbox 713 3490 827 3558; x_wconf 90' lang='lat' dir='ltr'><strong>rationi</strong></span> <span class='ocrx_word' id='word_1_236' title='bbox 849 3490 1005 3559; x_wconf 88' lang='lat' dir='ltr'><strong>contraria</strong></span> <span class='ocrx_word' id='word_1_237' title='bbox 1027 3491 1163 3571; x_wconf 86' lang='grc'>6611116,</span> <span class='ocrx_word' id='word_1_238' title='bbox 1188 3516 1287 3579; x_wconf 91' lang='lat' dir='ltr'><strong>quum</strong></span> <span class='ocrx_word' id='word_1_239' title='bbox 1309 3516 1483 3581; x_wconf 84' lang='lat' dir='ltr'><strong>pronomen</strong></span> <span class='ocrx_word' id='word_1_240' title='bbox 1507 3493 1788 3561; x_wconf 86' lang='lat' dir='ltr'><strong>demonstrativum</strong></span> <span class='ocrx_word' id='word_1_241' title='bbox 1810 3493 1851 3559; x_wconf 88' lang='lat' dir='ltr'><strong>ad</strong></span> <span class='ocrx_word' id='word_1_242' title='bbox 1871 3492 2106 3560; x_wconf 87' lang='lat' dir='ltr'><strong>substantivum</strong></span> 
     </span>
    </p>
   </div>
   <div class='ocr_carea' id='block_1_6' title="bbox 403 3615 2107 4709">
    <p class='ocr_par' dir='ltr' id='par_1_7' title="bbox 403 3615 2106 3958">
     <span class='ocr_line' id='line_1_22' title="bbox 403 3615 2106 3705; baseline -0.001 -21"><span class='ocrx_word' id='word_1_243' title='bbox 403 3616 573 3704; x_wconf 80' lang='lat' dir='ltr'><strong>singularis</strong></span> <span class='ocrx_word' id='word_1_244' title='bbox 599 3615 723 3682; x_wconf 89' lang='lat' dir='ltr'><strong>numeri</strong></span> <span class='ocrx_word' id='word_1_245' title='bbox 750 3622 894 3705; x_wconf 86' lang='lat' dir='ltr'><strong>spectans</strong></span> <span class='ocrx_word' id='word_1_246' title='bbox 928 3615 962 3681; x_wconf 91' lang='lat' dir='ltr'><strong>in</strong></span> <span class='ocrx_word' id='word_1_247' title='bbox 990 3616 1107 3704; x_wconf 87' lang='lat' dir='ltr'><strong>plurali</strong></span> <span class='ocrx_word' id='word_1_248' title='bbox 1134 3615 1276 3705; x_wconf 90' lang='lat' dir='ltr'><strong>ponitur:</strong></span> <span class='ocrx_word' id='word_1_249' title='bbox 1307 3617 1369 3686; x_wconf 85' lang='lat' dir='ltr'><strong>IV:</strong></span> <span class='ocrx_word' id='word_1_250' title='bbox 1398 3621 1439 3684; x_wconf 84' lang='lat'><strong>25</strong></span> <span class='ocrx_word' id='word_1_251' title='bbox 1468 3621 1504 3694; x_wconf 79' lang='grc' dir='ltr'><strong>ἐξ</strong></span> <span class='ocrx_word' id='word_1_252' title='bbox 1528 3621 1628 3686; x_wconf 83' lang='grc' dir='ltr'><em>αὐτῶν</em></span> <span class='ocrx_word' id='word_1_253' title='bbox 1655 3621 1689 3686; x_wconf 84' lang='grc' dir='ltr'><strong>ἀὲ</strong></span> <span class='ocrx_word' id='word_1_254' title='bbox 1713 3622 1825 3686; x_wconf 91' lang='grc' dir='ltr'><em>τούτων</em></span> <span class='ocrx_word' id='word_1_255' title='bbox 1847 3620 1984 3695; x_wconf 75' lang='grc' dir='ltr'><em>ἐπιδείξω</em></span> <span class='ocrx_word' id='word_1_256' title='bbox 2014 3619 2106 3684; x_wconf 76' lang='grc' dir='ltr'><em>αύτάν</em></span> 
     </span>
     <span class='ocr_line' id='line_1_23' title="bbox 403 3740 2106 3834; baseline -0.001 -24"><span class='ocrx_word' id='word_1_257' title='bbox 403 3745 634 3833; x_wconf 75' lang='grc' dir='ltr'><em>ἐπτηάεούτερον</em></span> <span class='ocrx_word' id='word_1_258' title='bbox 657 3741 797 3808; x_wconf 81' lang='grc' dir='ltr'><em>τεθνάναι</em></span> <span class='ocrx_word' id='word_1_259' title='bbox 814 3744 930 3830; x_wconf 75' lang='grc' dir='ltr'><em>μᾶλλον</em></span> <span class='ocrx_word' id='word_1_260' title='bbox 952 3741 972 3830; x_wconf 73' lang='grc' dir='ltr'><em>ἢ</em></span> <span class='ocrx_word' id='word_1_261' title='bbox 995 3743 1156 3819; x_wconf 61' lang='grc' dir='ltr'><em>σώζεσθαι,</em></span> <span class='ocrx_word' id='word_1_262' title='bbox 1178 3740 1233 3808; x_wconf 94' lang='lat' dir='ltr'><strong>ubi</strong></span> <span class='ocrx_word' id='word_1_263' title='bbox 1257 3748 1441 3831; x_wconf 82' lang='lat' dir='ltr'><strong>expectatur</strong></span> <span class='ocrx_word' id='word_1_264' title='bbox 1463 3745 1500 3820; x_wconf 79' lang='grc' dir='ltr'><strong>ἐξ</strong></span> <span class='ocrx_word' id='word_1_265' title='bbox 1512 3746 1605 3834; x_wconf 78' lang='grc' dir='ltr'><em>αὐτῆς</em></span> <span class='ocrx_word' id='word_1_266' title='bbox 1618 3747 1652 3812; x_wconf 82' lang='grc' dir='ltr'><strong>ἀὲ</strong></span> <span class='ocrx_word' id='word_1_267' title='bbox 1669 3747 1784 3834; x_wconf 79' lang='grc' dir='ltr'><em>ταύτης,</em></span> <span class='ocrx_word' id='word_1_268' title='bbox 1798 3748 1920 3832; x_wconf 83' lang='lat' dir='ltr'><strong>spectat</strong></span> <span class='ocrx_word' id='word_1_269' title='bbox 1934 3765 2049 3831; x_wconf 85' lang='lat' dir='ltr'><strong>nempe</strong></span> <span class='ocrx_word' id='word_1_270' title='bbox 2064 3741 2106 3808; x_wconf 91' lang='lat' dir='ltr'><strong>ad</strong></span> 
     </span>
     <span class='ocr_line' id='line_1_24' title="bbox 404 3865 1328 3958; baseline 0 -25"><span class='ocrx_word' id='word_1_271' title='bbox 404 3874 458 3958; x_wconf 74' lang='grc' dir='ltr'><em>τῆς</em></span> <span class='ocrx_word' id='word_1_272' title='bbox 478 3869 557 3957; x_wconf 71' lang='grc' dir='ltr'><em>νίκης</em></span> <span class='ocrx_word' id='word_1_273' title='bbox 577 3874 630 3956; x_wconf 78' lang='grc' dir='ltr'><em>τῆς</em></span> <span class='ocrx_word' id='word_1_274' title='bbox 651 3867 823 3955; x_wconf 75' lang='grc' dir='ltr'><em>Ὀλυμπίασι,</em></span> <span class='ocrx_word' id='word_1_275' title='bbox 846 3865 932 3952; x_wconf 90' lang='lat' dir='ltr'><strong>quod</strong></span> <span class='ocrx_word' id='word_1_276' title='bbox 952 3866 1061 3956; x_wconf 91' lang='lat' dir='ltr'><strong>paullo</strong></span> <span class='ocrx_word' id='word_1_277' title='bbox 1083 3889 1180 3956; x_wconf 90' lang='lat' dir='ltr'><strong>supra</strong></span> <span class='ocrx_word' id='word_1_278' title='bbox 1201 3866 1328 3954; x_wconf 83' lang='lat' dir='ltr'><strong>legitur.</strong></span> 
     </span>
    </p>

    <p class='ocr_par' dir='ltr' id='par_1_8' title="bbox 404 3989 2107 4709">
     <span class='ocr_line' id='line_1_25' title="bbox 546 3989 2106 4083; baseline 0 -24"><span class='ocrx_word' id='word_1_279' title='bbox 546 3991 753 4059; x_wconf 87' lang='lat' dir='ltr'><strong>Substantivo</strong></span> <span class='ocrx_word' id='word_1_280' title='bbox 786 3989 933 4058; x_wconf 86' lang='lat' dir='ltr'><strong>feminini</strong></span> <span class='ocrx_word' id='word_1_281' title='bbox 965 3992 1090 4079; x_wconf 80' lang='lat' dir='ltr'><strong>generis</strong></span> <span class='ocrx_word' id='word_1_282' title='bbox 1123 3998 1272 4059; x_wconf 90' lang='lat' dir='ltr'><strong>neutrum</strong></span> <span class='ocrx_word' id='word_1_283' title='bbox 1307 3992 1503 4081; x_wconf 89' lang='lat' dir='ltr'><strong>pronominis</strong></span> <span class='ocrx_word' id='word_1_284' title='bbox 1537 3993 1742 4082; x_wconf 87' lang='lat' dir='ltr'><strong>conjunctum</strong></span> <span class='ocrx_word' id='word_1_285' title='bbox 1771 3992 1940 4083; x_wconf 89' lang='lat' dir='ltr'><strong>reperitur:</strong></span> <span class='ocrx_word' id='word_1_286' title='bbox 1965 3992 2037 4059; x_wconf 87' lang='lat' dir='ltr'>III:</span> <span class='ocrx_word' id='word_1_287' title='bbox 2063 3995 2106 4059; x_wconf 78' lang='lat'><strong>39</strong></span> 
     </span>
     <span class='ocr_line' id='line_1_26' title="bbox 404 4117 2107 4208; baseline -0.001 -24"><span class='ocrx_word' id='word_1_288' title='bbox 404 4121 487 4196; x_wconf 84' lang='grc' dir='ltr'><em>θπως</em></span> <span class='ocrx_word' id='word_1_289' title='bbox 514 4120 558 4206; x_wconf 80' lang='grc' dir='ltr'><strong>μὴ</strong></span> <span class='ocrx_word' id='word_1_290' title='bbox 592 4119 676 4184; x_wconf 81' lang='grc' dir='ltr'><em>πάλιν</em></span> <span class='ocrx_word' id='word_1_291' title='bbox 699 4117 780 4183; x_wconf 85' lang='grc' dir='ltr'><em>ταῦτ’</em></span> <span class='ocrx_word' id='word_1_292' title='bbox 802 4117 921 4206; x_wconf 82' lang='grc' dir='ltr'><em>ἔχοντες</em></span> <span class='ocrx_word' id='word_1_293' title='bbox 946 4120 1088 4207; x_wconf 79' lang='grc' dir='ltr'><em>ἀφορρην</em></span> <span class='ocrx_word' id='word_1_294' title='bbox 1117 4120 1238 4205; x_wconf 74' lang='grc' dir='ltr'><em>δύναμιν</em></span> <span class='ocrx_word' id='word_1_295' title='bbox 1261 4124 1299 4208; x_wconf 75' lang='grc' dir='ltr'><em>τῇ</em></span> <span class='ocrx_word' id='word_1_296' title='bbox 1320 4121 1401 4185; x_wconf 78' lang='grc' dir='ltr'><em>πόλει</em></span> <span class='ocrx_word' id='word_1_297' title='bbox 1423 4124 1701 4207; x_wconf 76' lang='grc' dir='ltr'><em>κατασκευάσαηνεν,</em></span> <span class='ocrx_word' id='word_1_298' title='bbox 1724 4123 1923 4207; x_wconf 83' lang='lat' dir='ltr'><strong>exspectatur</strong></span> <span class='ocrx_word' id='word_1_299' title='bbox 1944 4141 2002 4207; x_wconf 90' lang='lat' dir='ltr'><strong>pro</strong></span> <span class='ocrx_word' id='word_1_300' title='bbox 2025 4118 2107 4184; x_wconf 81' lang='grc' dir='ltr'><em>ταῦτ’</em></span> 
     </span>
     <span class='ocr_line' id='line_1_27' title="bbox 405 4239 2104 4332; baseline -0.001 -22"><span class='ocrx_word' id='word_1_301' title='bbox 405 4245 521 4332; x_wconf 83' lang='grc' dir='ltr'><em>ταύτην.</em></span> <span class='ocrx_word' id='word_1_302' title='bbox 567 4239 663 4327; x_wconf 82' lang='lat' dir='ltr'><strong>Quod</strong></span> <span class='ocrx_word' id='word_1_303' title='bbox 684 4239 843 4308; x_wconf 85' lang='lat' dir='ltr'><strong>scribendi</strong></span> <span class='ocrx_word' id='word_1_304' title='bbox 864 4265 974 4329; x_wconf 81' lang='lat' dir='ltr'><strong>genus,</strong></span> <span class='ocrx_word' id='word_1_305' title='bbox 999 4265 1192 4330; x_wconf 89' lang='lat' dir='ltr'><strong>quamquam</strong></span> <span class='ocrx_word' id='word_1_306' title='bbox 1216 4243 1255 4308; x_wconf 90' lang='lat' dir='ltr'><strong>ab</strong></span> <span class='ocrx_word' id='word_1_307' title='bbox 1278 4266 1337 4309; x_wconf 91' lang='lat' dir='ltr'><strong>usu</strong></span> <span class='ocrx_word' id='word_1_308' title='bbox 1360 4242 1549 4331; x_wconf 89' lang='lat' dir='ltr'><strong>scriptorum</strong></span> <span class='ocrx_word' id='word_1_309' title='bbox 1571 4266 1637 4308; x_wconf 91' lang='lat' dir='ltr'><strong>non</strong></span> <span class='ocrx_word' id='word_1_310' title='bbox 1653 4244 1802 4310; x_wconf 88' lang='lat' dir='ltr'><strong>abhorret</strong></span> <span class='ocrx_word' id='word_1_311' title='bbox 1813 4241 1881 4326; x_wconf 87' lang='lat' dir='ltr'><strong>(cfr.</strong></span> <span class='ocrx_word' id='word_1_312' title='bbox 1895 4243 1983 4309; x_wconf 85' lang='lat' dir='ltr'><strong>Xen.</strong></span> <span class='ocrx_word' id='word_1_313' title='bbox 1998 4242 2104 4309; x_wconf 89' lang='lat' dir='ltr'><strong>Anab.</strong></span> 
     </span>
     <span class='ocr_line' id='line_1_28' title="bbox 404 4366 2106 4456; baseline 0.001 -22"><span class='ocrx_word' id='word_1_314' title='bbox 404 4369 437 4434; x_wconf 88' lang='lat'><strong>1:</strong></span> <span class='ocrx_word' id='word_1_315' title='bbox 469 4370 499 4446; x_wconf 85' lang='lat'><strong>3,</strong></span> <span class='ocrx_word' id='word_1_316' title='bbox 534 4369 574 4433; x_wconf 83' lang='lat'><strong>18</strong></span> <span class='ocrx_word' id='word_1_317' title='bbox 607 4372 699 4434; x_wconf 80' lang='grc' dir='ltr'><em>ταῦτα</em></span> <span class='ocrx_word' id='word_1_318' title='bbox 727 4369 785 4454; x_wconf 80' lang='grc' dir='ltr'><strong>μὲν</strong></span> <span class='ocrx_word' id='word_1_319' title='bbox 817 4369 968 4456; x_wconf 82' lang='grc' dir='ltr'><em>φλυαρίας</em></span> <span class='ocrx_word' id='word_1_320' title='bbox 992 4369 1074 4445; x_wconf 79' lang='grc' dir='ltr'><em>εἶναι,</em></span> <span class='ocrx_word' id='word_1_321' title='bbox 1107 4366 1197 4451; x_wconf 81' lang='lat' dir='ltr'><strong>alibi)</strong></span> <span class='ocrx_word' id='word_1_322' title='bbox 1232 4368 1367 4433; x_wconf 85' lang='lat' dir='ltr'><strong>alterum</strong></span> <span class='ocrx_word' id='word_1_323' title='bbox 1402 4374 1508 4435; x_wconf 85' lang='lat' dir='ltr'><strong>tamen</strong></span> <span class='ocrx_word' id='word_1_324' title='bbox 1541 4366 1624 4434; x_wconf 91' lang='lat' dir='ltr'><strong>illud</strong></span> <span class='ocrx_word' id='word_1_325' title='bbox 1655 4367 1695 4435; x_wconf 88' lang='lat' dir='ltr'><strong>iis</strong></span> <span class='ocrx_word' id='word_1_326' title='bbox 1729 4367 1829 4455; x_wconf 79' lang='lat' dir='ltr'><strong>magis</strong></span> <span class='ocrx_word' id='word_1_327' title='bbox 1863 4367 1898 4433; x_wconf 94' lang='lat' dir='ltr'><strong>in</strong></span> <span class='ocrx_word' id='word_1_328' title='bbox 1932 4392 1992 4435; x_wconf 88' lang='lat' dir='ltr'><strong>usu</strong></span> <span class='ocrx_word' id='word_1_329' title='bbox 2025 4367 2106 4435; x_wconf 75' lang='lat' dir='ltr'><strong>est.⁸</strong></span> 
     </span>
     <span class='ocr_line' id='line_1_29' title="bbox 405 4489 2106 4584; baseline -0.001 -25"><span class='ocrx_word' id='word_1_330' title='bbox 405 4489 493 4578; x_wconf 83' lang='lat' dir='ltr'><strong>Quin</strong></span> <span class='ocrx_word' id='word_1_331' title='bbox 520 4490 617 4558; x_wconf 91' lang='lat' dir='ltr'><strong>etiam</strong></span> <span class='ocrx_word' id='word_1_332' title='bbox 644 4489 829 4558; x_wconf 82' lang='lat' dir='ltr'><strong>Andocides</strong></span> <span class='ocrx_word' id='word_1_333' title='bbox 855 4490 923 4580; x_wconf 91' lang='lat' dir='ltr'><strong>ipse</strong></span> <span class='ocrx_word' id='word_1_334' title='bbox 950 4490 1084 4580; x_wconf 85' lang='lat' dir='ltr'><strong>scripsit,</strong></span> <span class='ocrx_word' id='word_1_335' title='bbox 1112 4491 1187 4558; x_wconf 90' lang='lat' dir='ltr'><strong>III:</strong></span> <span class='ocrx_word' id='word_1_336' title='bbox 1220 4495 1272 4573; x_wconf 85' lang='lat'><strong>37,</strong></span> <span class='ocrx_word' id='word_1_337' title='bbox 1302 4495 1411 4582; x_wconf 78' lang='grc' dir='ltr'><em>ταύτην</em></span> <span class='ocrx_word' id='word_1_338' title='bbox 1434 4495 1468 4560; x_wconf 81' lang='grc' dir='ltr'><strong>ἀὲ</strong></span> <span class='ocrx_word' id='word_1_339' title='bbox 1491 4495 1634 4578; x_wconf 77' lang='grc' dir='ltr'><em>λαβόντες</em></span> <span class='ocrx_word' id='word_1_340' title='bbox 1655 4497 1797 4584; x_wconf 78' lang='grc' dir='ltr'><em>ἀφορμὴν</em></span> <span class='ocrx_word' id='word_1_341' title='bbox 1819 4497 1848 4559; x_wconf 89' lang='grc' dir='ltr'><strong>σί</strong></span> <span class='ocrx_word' id='word_1_342' title='bbox 1871 4496 2000 4583; x_wconf 84' lang='grc' dir='ltr'><em>πατέρες</em></span> <span class='ocrx_word' id='word_1_343' title='bbox 2020 4497 2106 4581; x_wconf 80' lang='grc' dir='ltr'><em>ημῶν</em></span> 
     </span>
     <span class='ocr_line' id='line_1_30' title="bbox 405 4616 2107 4709; baseline 0 -25"><span class='ocrx_word' id='word_1_344' title='bbox 405 4620 462 4684; x_wconf 74' lang='grc' dir='ltr'><em>κτλ</em></span> <span class='ocrx_word' id='word_1_345' title='bbox 485 4622 518 4685; x_wconf 86' lang='grc'><strong>61</strong></span> <span class='ocrx_word' id='word_1_346' title='bbox 538 4616 601 4686; x_wconf 88' lang='lat' dir='ltr'><strong>IV:</strong></span> <span class='ocrx_word' id='word_1_347' title='bbox 627 4620 668 4684; x_wconf 86' lang='lat'><strong>19</strong></span> <span class='ocrx_word' id='word_1_348' title='bbox 692 4618 800 4704; x_wconf 71' lang='grc' dir='ltr'><em>νομίζω</em></span> <span class='ocrx_word' id='word_1_349' title='bbox 822 4618 858 4684; x_wconf 79' lang='grc' dir='ltr'><strong>δὲ</strong></span> <span class='ocrx_word' id='word_1_350' title='bbox 880 4619 989 4707; x_wconf 89' lang='grc' dir='ltr'><em>ταύτην</em></span> <span class='ocrx_word' id='word_1_351' title='bbox 1011 4618 1085 4685; x_wconf 71' lang='grc' dir='ltr'><em>εἶναι</em></span> <span class='ocrx_word' id='word_1_352' title='bbox 1112 4619 1265 4707; x_wconf 90' lang='grc' dir='ltr'><em>σωτηρίαν</em></span> <span class='ocrx_word' id='word_1_353' title='bbox 1293 4620 1383 4685; x_wconf 84' lang='grc' dir='ltr'><em>ἅπασι</em></span> <span class='ocrx_word' id='word_1_354' title='bbox 1406 4616 1486 4701; x_wconf 73' lang='lat' dir='ltr'><strong>(Otr.</strong></span> <span class='ocrx_word' id='word_1_355' title='bbox 1510 4617 1587 4707; x_wconf 83' lang='lat' dir='ltr'><strong>Lys.</strong></span> <span class='ocrx_word' id='word_1_356' title='bbox 1610 4618 1639 4686; x_wconf 91' lang='lat' dir='ltr'><strong>I:</strong></span> <span class='ocrx_word' id='word_1_357' title='bbox 1664 4622 1684 4685; x_wconf 85' lang='lat'>5</span> <span class='ocrx_word' id='word_1_358' title='bbox 1709 4621 1818 4709; x_wconf 90' lang='grc' dir='ltr'><em>ταύτην</em></span> <span class='ocrx_word' id='word_1_359' title='bbox 1841 4622 1900 4709; x_wconf 68' lang='grc' dir='ltr'><strong>γὰρ</strong></span> <span class='ocrx_word' id='word_1_360' title='bbox 1924 4622 1989 4707; x_wconf 71' lang='grc' dir='ltr'><strong>ἐμοὶ</strong></span> <span class='ocrx_word' id='word_1_361' title='bbox 2010 4620 2107 4707; x_wconf 82' lang='grc' dir='ltr'><em>μόνην</em></span> 
     </span>
    </p>
   </div>
   <div class='ocr_carea' id='block_1_7' title="bbox 548 4847 1386 5095">
    <p class='ocr_par' dir='ltr' id='par_1_9' title="bbox 548 4847 1386 5095">
     <span class='ocr_line' id='line_1_31' title="bbox 550 4847 1386 4918; baseline 0 -15"><span class='ocrx_word' id='word_1_362' title='bbox 550 4847 796 4917; x_wconf 69' lang='grc' dir='ltr'>’1616111166τὸ</span> <span class='ocrx_word' id='word_1_363' title='bbox 814 4848 874 4915; x_wconf 85' lang='grc'>359,</span> <span class='ocrx_word' id='word_1_364' title='bbox 894 4850 911 4903; x_wconf 91' lang='grc'><strong><em>3</em></strong></span> <span class='ocrx_word' id='word_1_365' title='bbox 929 4848 965 4918; x_wconf 87' lang='lat' dir='ltr'><strong>a).</strong></span> <span class='ocrx_word' id='word_1_366' title='bbox 1002 4848 1124 4905; x_wconf 76' lang='lat' dir='ltr'><strong>Lofstodt</strong></span> <span class='ocrx_word' id='word_1_367' title='bbox 1142 4850 1175 4904; x_wconf 85' lang='grc'><strong>68</strong></span> <span class='ocrx_word' id='word_1_368' title='bbox 1195 4850 1236 4904; x_wconf 92' lang='lat'><strong>111</strong></span> <span class='ocrx_word' id='word_1_369' title='bbox 1254 4852 1342 4905; x_wconf 89' lang='lat' dir='ltr'><strong>annot.</strong></span> <span class='ocrx_word' id='word_1_370' title='bbox 1361 4849 1386 4903; x_wconf 87' lang='lat'><strong>3.</strong></span> 
     </span>
     <span class='ocr_line' id='line_1_32' title="bbox 548 4935 831 5006; baseline -0.007 -13"><span class='ocrx_word' id='word_1_371' title='bbox 548 4935 710 5006; x_wconf 64' lang='grc'>’1111116619</span> <span class='ocrx_word' id='word_1_372' title='bbox 729 4940 788 5000; x_wconf 90' lang='grc'>361,</span> <span class='ocrx_word' id='word_1_373' title='bbox 807 4939 831 4992; x_wconf 89' lang='grc'><strong>2.</strong></span> 
     </span>
     <span class='ocr_line' id='line_1_33' title="bbox 550 5023 987 5095; baseline 0 -13"><span class='ocrx_word' id='word_1_374' title='bbox 550 5023 623 5082; x_wconf 74' lang='lat' dir='ltr'><strong>&#39;Cin</strong></span> <span class='ocrx_word' id='word_1_375' title='bbox 642 5028 751 5083; x_wconf 80' lang='grc'>11116161</span> <span class='ocrx_word' id='word_1_376' title='bbox 768 5027 785 5095; x_wconf 62' lang='grc' dir='ltr'><strong>ἕ</strong></span> <span class='ocrx_word' id='word_1_377' title='bbox 802 5028 863 5095; x_wconf 87' lang='grc'>369,</span> <span class='ocrx_word' id='word_1_378' title='bbox 884 5028 897 5082; x_wconf 96' lang='grc'><strong>1</strong></span> <span class='ocrx_word' id='word_1_379' title='bbox 916 5032 944 5082; x_wconf 83' lang='grc'><strong>61</strong></span> <span class='ocrx_word' id='word_1_380' title='bbox 962 5029 987 5082; x_wconf 87' lang='grc'><strong>2.</strong></span> 
     </span>
    </p>
   </div>
   <div class='ocr_carea' id='block_1_8' title="bbox 0 0 2255 5940">
    <p class='ocr_par' dir='ltr' id='par_1_10' title="bbox 0 0 2255 5940">
     <span class='ocr_line' id='line_1_34' title="bbox 0 0 2255 5940; baseline 0 0"><span class='ocrx_word' id='word_1_381' title='bbox 0 0 2255 5940; x_wconf 95' lang='lat' dir='ltr'><strong> </strong></span> 
     </span>
    </p>
   </div>
   <div class='ocr_carea' id='block_1_9' title="bbox 2234 2339 2245 4739">
    <p class='ocr_par' dir='ltr' id='par_1_11' title="bbox 2234 2339 2245 4739">
     <span class='ocr_line' id='line_1_35' title="bbox 2234 2339 2245 4739; baseline 0 0"><span class='ocrx_word' id='word_1_382' title='bbox 2234 2339 2245 4739; x_wconf 95' lang='lat' dir='ltr'><strong> </strong></span> 
     </span>
    </p>
   </div>
  </div>
 </body>
</html>
