4480 5940
170 573 366 666 adjectivum
393 570 478 664 apud
503 570 634 660 Lysiam
661 570 839 659 genitivum
866 594 930 637 uuo
953 576 1077 639 tantum
1105 568 1174 637 loco
1198 568 1297 639 XIV:
1322 575 1353 651 5,
1385 572 1517 659 Τολαῶσι
1540 577 1599 662 χορ
1622 598 1696 651 τινες
1717 575 1811 659 λέγειν
1832 578 1876 652 ὡς

174 705 275 779 ου’δελς
304 701 408 790 ἔνοχός
439 702 501 766 ἐστι
534 699 699 773 λιποταξίου
733 699 806 764 ου’δὲ
828 699 945 776 δειλίας,
967 696 1044 763 item
1068 695 1152 784 apud
1175 695 1409 784 Antiphontem
1432 697 1494 765 VI:
1520 700 1573 770 40,
1598 698 1706 789 ἔνοχον
1726 699 1800 765 εἶναι
1822 704 1874 765 τοῦ

175 830 277 915 φόνου,
298 823 355 890 sed
376 830 493 913 prater
514 823 619 889 locum
646 822 781 887 allatum
808 845 933 911 semper
961 820 1045 910 apud
1073 820 1204 918 Lysiam
1231 820 1372 887 dativum
1395 821 1501 887 habet.
1547 821 1649 911 Apud
1672 821 1874 889 Andocidem

170 949 314 1035 sequitur
346 949 410 1015 hoc
444 947 635 1036 adjectivum
670 945 852 1035 praepositio
880 949 913 1013 ἐν
943 945 970 1011 Ι;
997 949 1039 1014 79
1067 947 1172 1036 ἔνοχον
1201 947 1275 1013 εἶναι
1303 950 1358 1013 τίιν-
1381 948 1606 1034 παραβαίνοντα
1635 952 1728 1014 ταῦτα
1755 950 1787 1014 ἐν
1816 955 1876 1026 τοῖς

168 1076 269 1153 αὐτοῖς
289 1077 324 1141 ἐν
345 1076 453 1162 οἷσπερ
474 1076 504 1138 οί
527 1075 563 1147 ἐξ
583 1073 694 1160 Ἀρείου
717 1076 814 1155 στίχου
837 1073 1005 1160 φεύγοντες.
1030 1109 1072 1119 -

312 1201 474 1288 δυσμενὴςι
504 1195 555 1261 Π;
581 1200 601 1262 2
626 1199 675 1263 δεῖ
700 1199 758 1284 γὰρ
783 1197 893 1274 ου’τοδς
913 1198 977 1286 ἤτοι
999 1199 1229 1284 ἀμαόεστιίτους
1249 1196 1323 1261 εἶναι
1346 1201 1463 1261 πάντων
1485 1196 1667 1283 ἀνθρώπων,
1690 1197 1709 1284 ἢ
1734 1202 1772 1285 τῇ
1793 1199 1874 1263 πόλει

167 1326 263 1414 ταύτῃ
287 1326 546 1412 δυαιενεστιίτους,
570 1319 656 1406 quod
679 1319 764 1386 idem
788 1319 980 1407 adjectivum
1004 1344 1077 1386 cum
1102 1319 1242 1406 genitivo
1269 1343 1396 1406 quoque
1418 1318 1649 1407 conjungitur.¹
1684 1310 1764 1387 Item
1779 1320 1827 1385 11:
1842 1325 1872 1387 3.

312 1450 418 1526 διινόςι
441 1446 469 1511 Ι;
494 1450 536 1512 64
561 1447 683 1523 ἐκείνοις
703 1448 738 1511 δὲ
760 1447 816 1511 οὐκ
837 1447 889 1533 ἐμὲ
912 1447 1007 1511 δεινὸν
1029 1446 1111 1523 εἶναι,
1135 1448 1178 1511 ὅτι
1200 1445 1277 1521 οἶδα,
1301 1448 1377 1510 ἀλλὰ
1394 1447 1508 1531 μᾶλλον
1523 1446 1597 1511 αὐτὸ
1614 1447 1646 1511 τδ
1665 1445 1756 1534 ἔργον
1771 1449 1875 1534 πολλῷ

169 1575 215 1638 ότι
236 1574 395 1662 πεποίηται
440 1570 593 1655 Denique
621 1569 673 1635 his
701 1568 881 1636 addendum
908 1567 1112 1658 participium
1142 1574 1316 1659 προσόιωνι
1344 1568 1376 1633 Ι;
1404 1571 1468 1634 126
1491 1572 1633 1654 λαβόντες
1654 1562 1688 1636 δὲ
1710 1573 1739 1635 οἱ
1762 1575 1873 1660 ποοσή-

168 1723 270 1776 κοντες
295 1703 332 1787 τῇ
360 1699 472 1781 γυναικὶ
499 1699 533 1762 τό
556 1697 673 1761 παιδίον
701 1697 772 1784 ἧκον
794 1697 842 1760 ε’πί
865 1698 916 1761 τὸν
935 1696 1042 1780 βωμὸν
1066 1695 1268 1783 Ἀπατουρίοις,
1291 1693 1376 1782 quod
1400 1692 1600 1782 participium
1623 1693 1655 1759 vi
1677 1693 1874 1760 substantiva

168 1820 314 1887 indutum
343 1845 427 1910 saepe
450 1818 627 1906 genitivum
651 1819 749 1884 habet
775 1826 812 1884 ut
842 1817 926 1907 apud
955 1818 1101 1905 Thucyd.
1130 1818 1158 1883 I:
1187 1822 1259 1899 128,
1284 1820 1363 1909 εἶχον
1387 1821 1422 1885 δὲ
1446 1821 1541 1908 Μῆδοι
1563 1821 1636 1887 αὐτὸ
1660 1822 1707 1885 καί
1726 1821 1877 1904 βασιλέως

165 1949 371 2035 προσήκοντές
392 1962 473 2024 τινες
488 1948 545 2012 κτλ
567 1952 599 2011 et
621 1942 823 2009 Andocidem
845 1942 908 2009 IV:
934 1947 985 2009 23.
1022 1942 1088 2009 cfr.
1109 1950 1215 2010 tamen
1233 1944 1321 2010 Xeu.
1341 1942 1431 2009 Hell.
1451 1942 1591 2023 1:7,21.
1625 1942 1871 2024 Anab.1:o‚1.

312 2070 419 2135 Usum
453 2067 551 2136 dativi
579 2067 737 2135 commodi
764 2073 797 2134 et
818 2067 1013 2133 incommodi
1037 2068 1093 2154 qui
1116 2067 1232 2135 dicitur
1254 2068 1288 2133 iu
1309 2069 1370 2134 hac
1392 2067 1503 2154 lingua
1525 2067 1608 2135 sicut
1635 2067 1668 2133 in
1691 2067 1792 2134 latina
1809 2068 1874 2135 late

165 2201 281 2280 patere
303 2193 460 2281 variisque
482 2217 642 2261 occurrere
664 2191 948 2280 significationibus
971 2192 1124 2259 constat.²
1168 2192 1323 2258 Nostrum
1350 2190 1410 2259 erit
1432 2192 1594 2258 nonnullis
1616 2216 1656 2259 ex
1680 2191 1874 2260 orationibus

171 2317 353 2383 Andocidis
375 2317 534 2408 exscriptis
557 2318 712 2406 exemplis
734 2318 857 2395 docere,
882 2323 1038 2404 quatenus
1062 2340 1137 2382 usus
1158 2317 1254 2405 hujus
1276 2316 1375 2383 dativi
1399 2316 1488 2405 apud
1505 2317 1592 2383 hunc
1612 2324 1771 2384 auctorem
1787 2326 1873 2407 patu·

173 2442 251 2507 erit:
274 2444 302 2507 I:
329 2446 378 2523 15,
404 2446 564 2533 λίέμνιχσδε
587 2446 630 2519 δὲ,
653 2446 680 2509 ὦ
703 2443 820 2532 ἄνδρες,
843 2445 888 2508 δτι
910 2447 959 2507 καὶ
982 2442 1067 2508 τοῦδ’
1090 2444 1154 2528 ὑμῖν
1177 2444 1440 2531 προσομολογεῖται
1463 2444 1588 2515 ἅπαντα,
1609 2440 1665 2507 ubi
1686 2442 1873 2519 vertendum

171 2569 239 2653 ὑμῖν
259 2590 362 2633 coram
386 2567 491 2648 vobis;
516 2568 648 2635 eandem
672 2567 739 2633 fere
761 2565 1025 2653 significationem
1047 2565 1173 2631 dativus
1194 2566 1292 2631 habet
1314 2565 1348 2630 in
1370 2566 1431 2631 hoc
1454 2566 1615 2655 exemplo:
1639 2566 1734 2646 1:19,
1765 2570 1805 2633 Τὰ
1816 2571 1874 2656 μὲν

166 2694 312 2778 χενόμενσ
339 2694 498 2781 ἠκούσατε,
525 2694 553 2758 ὦ
582 2694 698 2781 ἄνδρες,
725 2695 774 2758 καὶ
800 2694 865 2779 ὑμῖν
888 2695 917 2756 οί
936 2696 1092 2780 μα’ρτυρες
1108 2693 1371 2780 μεμαρτυρήκασι,
1392 2714 1485 2779 porro
1509 2690 1542 2756 I:
1568 2694 1620 2771 31,
1644 2693 1747 2769 οίτινες
1767 2695 1876 2781 ὅρκους

162 2819 316 2902 μεγάλους
342 2820 508 2904 ὀμόσαντες
532 2816 629 2884 οἴσετε
657 2820 710 2907 τὴν
733 2822 837 2905 ψῆφον
860 2810 928 2905 περὶ
951 2819 1032 2903 ἐμοῦ,
1055 2819 1104 2881 καί
1126 2819 1310 2904 ἀρασιζιιενοι
1333 2819 1386 2894 τὰς
1406 2817 1545 2901 αεχίστας
1565 2818 1645 2904 δρός
1666 2818 1730 2903 ὑμῖν
1753 2842 1785 2883 τε
1821 2819 1871 2882 αδ-

166 2946 228 3018 τοῖς
248 2945 298 3006 καὶ
319 2946 401 3008 παισὶ
424 2949 486 3020 τοῖς
506 2944 659 3033 ὑμετῆοοις
679 2944 779 3007 αὐτῶν
802 2931 872 3029 lpro
897 2939 985 3006 vobis
1008 2939 1180 3026 liberisque
1202 2939 1340 3024 vestris);
1370 2941 1402 3006 I:
1427 2943 1470 3006 40
1493 2944 1541 3007 καί
1564 2945 1615 3007 νῦν
1637 2946 1715 3031 ἣκειν
1737 2943 1874 3007 κελεῦσαί

163 3067 193 3129 οί
228 3068 366 3151 (secum)
400 3070 444 3145 είς
476 3071 530 3157 τὴν
559 3068 723 3156 Λεωγόρου
745 3067 857 3147 οἰκίαν,
885 3063 918 3129 I:
944 3068 999 3147 07,
1028 3068 1223 3154 ἁμαρτόντων
1245 3066 1273 3130 δ’
1295 3067 1415 3132 ἐκείνων
1438 3069 1491 3155 τὴν
1513 3067 1662 3154 ἁμαρτίαν
1684 3067 1786 3145 αὐτοῖς
1806 3092 1870 3132 σον-

166 3191 298 3277 ἔκρυψα.
330 3190 386 3256 ubi
419 3189 555 3258 vortitur
589 3194 690 3271 αὐτοῖς
722 3213 794 3256 cum
824 3189 863 3255 iis
892 3188 981 3255 etin
1003 3189 1139 3276 gratiam
1162 3213 1287 3269 eorum;
1312 3188 1345 3254 I:
1372 3191 1445 3269 101,
1469 3191 1562 3280 ἦλδες
1582 3192 1626 3268 είς
1649 3192 1802 3257 Δεκέλειαν
1824 3194 1873 3256 καὶ

166 3315 355 3404 ἐπετείχισας
374 3322 411 3405 τῇ
433 3318 549 3405 πατρίδι
570 3327 611 3407 τῇ
632 3322 770 3395 σεαυτοῦ,
794 3318 827 3381 et
850 3339 920 3381 cam
944 3320 1054 3381 contra
1069 3313 1203 3402 patriam
1219 3322 1307 3380 tuam
1322 3312 1496 3380 munivisti.
1521 3314 1750 3403 Exemplorum
1765 3308 1872 3403 hujus

161 3461 200 3503 ce
231 3437 337 3504 dativi
362 3439 442 3505 silva
469 3447 531 3507 est:
570 3441 604 3507 I:
640 3444 690 3520 12,
720 3443 772 3519 28,
802 3443 855 3520 47,
885 3442 937 3519 81,
966 3443 1019 3519 90,
1048 3441 1101 3518 95,
1132 3441 1205 3518 105,
1232 3441 1305 3519 108,
1332 3442 1405 3518 134,
1432 3442 1505 3519 135,
1532 3442 1603 3518 140,
1630 3441 1704 3505 142.
1741 3438 1871 3520 11:22,

161 3565 216 3642 23,
241 3568 298 3630 24.
347 3563 416 3630 HI:
441 3568 469 3644 7,
496 3570 546 3646 12,
572 3569 624 3645 20,
650 3569 702 3645 22,
728 3567 780 3631 29.
827 3563 888 3631 IV:
916 3567 967 3643 ll,
993 3567 1045 3643 25,
1070 3566 1122 3643 30,
1149 3566 1189 3629 37
1215 3563 1358 3631 aliorum.

309 3688 375 3755 Ubi
398 3698 560 3778 exspectes
582 3688 837 3780 praepositionem
860 3691 916 3755 ὑπό
939 3692 1091 3773 sequente
1113 3686 1263 3773 genitivo,
1293 3688 1434 3755 dativum
1462 3712 1545 3777 smpe
1572 3686 1740 3777 usurpavit
1764 3687 1871 3755 Audo

162 3811 259 3894 eides,
292 3836 389 3899 quem
420 3814 563 3882 dativum
586 3838 651 3881 nou
674 3814 778 3879 solum
801 3812 950 3902 perfectis
972 3810 1104 3918 passivis
1127 3820 1159 3879 et
1181 3812 1355 3903 participiis
1378 3837 1488 3879 eorum
1511 3813 1567 3880 sed
1589 3813 1685 3880 ctiam
1707 3811 1780 3878 aliis
1802 3814 1873 3879 sub·

160 3935 241 4023 jecit
273 3936 384 4005 termis
418 3938 551 4029 passivis
559 3940 580 4005 ⁸.
627 3937 793 4029 Exemplis
828 3962 894 4004 rem
928 3937 1109 4005 illustrabo:
1145 3936 1178 4003 I:
1205 3941 1256 4017 10,
1289 3942 1357 4028 περὶ
1385 3945 1444 4006 τῶν
1462 3941 1636 4029 μυστηρίων
1659 3940 1703 4017 ὡς
1723 3937 1784 4005 οὔτ’
1806 3940 1873 4027 ἐμοὶ

162 4063 316 4151 ἠσέβηται
344 4066 430 4131 οὐδὲν
459 4064 529 4131 οὔτε
547 4067 715 4154 μεμήνυται
742 4063 810 4130 οὔδ’
833 4065 1036 4152 ιίιμολόχηται;
1068 4061 1102 4126 Ι;
1128 4066 1181 4141 29,
1206 4065 1411 4131 ἀποδέδεικταί
1427 4090 1479 4152 μοι
1501 4068 1546 4142 ιὐς
1565 4063 1635 4129 οὔτε
1658 4065 1792 4153 ἠσέβηκα
1814 4067 1871 4130 κτλ

159 4184 243 4251 item
277 4185 391 4268 1:33,
421 4192 473 4269 63,
505 4192 556 4268 70,
582 4192 634 4269 71,
661 4192 734 4256 147.
781 4187 848 4255 ΙΠ;
876 4191 926 4253 13.
975 4186 1036 4254 IV:
1062 4190 1104 4252 39
1127 4185 1261 4273 aliisque
1283 4186 1318 4253 in
1341 4186 1432 4266 locis3
1457 4187 1485 4251 I:
1510 4192 1563 4266 55,
1588 4192 1638 4254 νῦν
1662 4191 1721 4276 γὰρ
1744 4189 1796 4276 ἐμὲ
1814 4190 1872 4275 μὲν

156 4313 252 4396 λόγον
280 4315 359 4391 (δεῖ)
381 4316 493 4381 διδόναι
515 4320 575 4381 τῶν
596 4316 663 4402 ἐμοὶ
685 4315 917 4402 πεπραχμένων;
939 4311 972 4376 I:
999 4313 1072 4390 100,
1092 4310 1151 4378 Ἵνα
1174 4315 1209 4379 δὲ
1230 4315 1337 4402 cloja,
1365 4315 1391 4378 ὦ
1419 4313 1536 4401 ἄνδρες,
1566 4316 1609 4379 ότι
1633 4316 1669 4379 τὰ
1692 4314 1871 4402 πεποερμένα

156 4439 224 4525 ὑμῖν
265 4440 314 4515 είς
346 4441 486 4526 ὁμόνοιαν
513 4440 550 4504 ου’
578 4446 674 4518 κακῶς
701 4440 777 4529 ἔχει,·
806 4437 833 4501 Ι;
865 4440 939 4503 148.
976 4434 1024 4500 II:
1052 4439 1102 4515 17,
1135 4438 1185 4502 19.
1244 4436 1305 4504 IV:
1331 4439 1361 4518 8,
1392 4440 1444 4517 31,
1474 4441 1526 4517 34,
1552 4440 1604 4504 41.
1651 4436 1735 4502 Cum
1762 4434 1872 4502 coristi

153 4569 305 4651 tempore
334 4561 520 4652 hujusmodi
549 4561 673 4630 dativus
693 4562 914 4650 conjungitur:
944 4560 997 4624 II:
1025 4563 1075 4640 13,
1108 4562 1224 4627 Τούτων
1247 4564 1344 4629 τοίνυν
1365 4563 1463 4641 οὕτως
1483 4564 1612 4653 ἐχόντων
1634 4562 1689 4627 οὐκ
1709 4562 1801 4649 όλίχῳ
1819 4586 1871 4648 μοι

157 4691 242 4777 παρὰ
274 4692 400 4777 χνώμην
423 4690 537 4778 εὑρέδιχ
560 4692 596 4754 τὰ
619 4691 751 4755 tornata
775 4691 934 4777 πράγματα
958 4685 1073 4776 ἔχοντα.
1118 4685 1233 4771 Νωμιο
1256 4694 1360 4753 tamen
1385 4687 1499 4753 dosunt
1521 4686 1675 4774 oxonipla,
1699 4685 1732 4750 in
1756 4685 1870 4772 quibus

337 4919 393 4975 cfr.
413 4919 500 4976 Ruhn.
518 4921 534 4988 ἕ
553 4920 606 4974 423
623 4926 712 4976 annot.
732 4922 775 4975 24.

339 5009 393 5064 cfr.
412 5010 500 5066 Kohn.
520 5011 580 5073 423,
600 5011 643 5071 24,
662 5010 736 5066 Curt.
756 5010 772 5076 ἕ
788 5010 850 5063 431.

312 5096 393 5155 'Cn
415 5099 501 5153 Kuhn.
520 5100 536 5165 ἕ
554 5101 614 5161 423,
633 5100 667 5152 25
686 5101 720 5167 α).
757 5097 830 5153 (int.
848 5100 864 5165 ἐ
883 5097 943 5150 434.
