4480 5940
473 316 514 385 18

425 485 588 547 πεισάντων
606 506 647 568 με
670 480 768 547 ἐλύείν
789 480 832 558 είς
849 480 984 571 τοιαύτην
999 484 1159 571 συμφορὰν
1175 485 1234 548 τῶν
1250 487 1386 571 ρρενῶνς
1409 504 1480 567 quae
1498 477 1605 568 Lysim
1624 500 1752 566 quoque
1767 476 1884 547 usitato
1898 484 1959 546 est:
1985 476 2069 546 XII:
2086 481 2121 546 19

424 606 468 682 είς
488 604 634 693 τοσαύτην
656 606 819 695 ἀπληστίαν
841 608 995 695 ἀφίκοντο,
1020 604 1183 671 XXXII:
1204 609 1259 686 19;
1285 607 1382 673 Isoor.
1397 587 1481 674 VH:
1499 609 1558 684 47,
1583 628 1646 693 qua
1661 573 1696 671 in
1711 630 1745 671 re
1759 605 1949 672 contendere
1964 605 2121 683 audemus,

423 728 538 817 sepius
562 751 725 796 occurrere
748 729 1014 797 constructionem
1036 729 1127 796 illurn
1150 730 1295 820 priorem.
1322 770 1364 780 -

564 870 659 957 Quod
681 871 795 939 attinet
818 871 859 938 ud
881 866 987 952 verba,
1012 871 1127 958 quibus
1149 872 1353 962 subjungitur
1367 873 1536 961 genitivus,
1553 871 1804 961 simplicissimus
1819 878 1867 938 est
1880 872 2039 959 genitivus
2054 896 2121 938 oum

422 995 526 1062 verbis
549 998 630 1074 εἶναι,
654 998 806 1082 γίγνεσθαι
828 997 897 1063 sim.
923 997 1120 1086 conjunctus,
1145 997 1186 1064 ed
1208 997 1469 1085 significandum(
1487 998 1563 1085 quid
1587 997 1628 1065 sit
1650 999 1779 1077 bonum,
1797 996 1948 1078 officium,
1965 996 2121 1086 proprium

421 1120 490 1187 sim.
526 1120 669 1210 alicujus,
705 1123 795 1210 cujus
829 1146 904 1187 usus
938 1122 1040 1188 multe
1073 1123 1177 1189 offerri
1211 1131 1343 1211 possunt
1376 1124 1524 1212 exempla
1552 1123 1640 1189 velut
1662 1122 1690 1188 I:
1716 1125 1769 1201 36,
1794 1126 1846 1202 39,
1871 1125 1924 1201 53,
1952 1124 2025 1201 118,
2052 1124 2120 1201 12o;

420 1244 488 1311 HI:
520 1247 570 1326 14,
600 1249 651 1326 23;
681 1246 743 1315 IV:
770 1249 799 1326 1,
825 1249 876 1326 24,
902 1250 944 1312 39
969 1246 1040 1312 ulia⁴
1087 1248 1246 1314 Praeterea
1266 1247 1426 1335 genitivus
1448 1247 1482 1314 in
1506 1249 1566 1315 huc
1588 1245 1819 1334 significatione
1842 1248 1947 1326 verbo,
1972 1244 2057 1332 quod
2078 1254 2123 1313 est

421 1376 520 1449 ποιεῖν,
553 1370 721 1458 subjicitur
755 1370 823 1435 III:
861 1375 903 1437 26
939 1376 1108 1461 νικήσαντες
1128 1375 1162 1439 δὲ
1191 1377 1244 1462 τὴν
1268 1375 1436 1463 Ιιορινύίων
1459 1374 1593 1461 Ἀργείων
1616 1376 1793 1463 ποιήσωμεν,
1816 1370 1900 1458 quod
1923 1362 2122 1437 construendi

419 1517 528 1582 genus,
557 1519 657 1583 quum
685 1497 725 1561 ab
752 1520 813 1561 usu
842 1495 1030 1583 scriptorum
1060 1520 1125 1561 non
1154 1497 1250 1584 plene
1277 1498 1454 1577 abhorreat,
1482 1497 1584 1564 rarius
1610 1504 1718 1563 tumen
1748 1520 1911 1563 occurrere
1934 1494 2122 1562 credimus.¹

419 1619 482 1685 His
504 1628 657 1708 praetereo
678 1620 792 1700 verbiS,
816 1620 931 1706 quibus
954 1619 1011 1686 alii
1033 1620 1200 1709 scriptores
1223 1620 1373 1688 orationis
1397 1622 1509 1687 solute
1525 1620 1639 1711 saepius
1655 1620 1734 1687 alies
1748 1628 1921 1688 structurus
1935 1620 2123 1709 subjungere

419 1745 533 1825 solent,
561 1743 722 1833 genitivus
749 1745 835 1834 apud
864 1745 1066 1813 Andocidem
1096 1745 1280 1836 apponitur:
2169 1834 2177 1844 ·

562 1873 701 1955 ἐκλέγεινῑ
727 1870 754 1935 Ι;
780 1875 832 1951 92,
858 1872 1003 1961 Κηφίσιος
1019 1874 1075 1958 μὲν
1098 1874 1199 1938 ούτοσλ
1223 1876 1384 1960 πριάμενος
1404 1875 1485 1961 ῶνὴν
1508 1875 1542 1939 ἐκ
1563 1876 1615 1938 τοῦ
1638 1873 1791 1960 δημοσίου,
1816 1874 1869 1949 τὰς
1890 1874 1924 1937 ἐκ
1946 1872 2056 1961 ταύτης
2068 1873 2122 1937 ἐπι-

419 1998 546 2085 καοπίας
573 2004 632 2063 τῶν
660 2000 692 2063 ἐν
721 2002 758 2085 τῇ
786 2003 825 2086 γῇ
848 1999 1061 2085 γεωργούντων
1083 1999 1258 2085 ἐνενήκοντα
1277 2003 1357 2084 μνᾶς
1376 1999 1498 2074 ἐκλέξας
1519 1999 1583 2075 κτλ,
1608 1994 1693 2082 quod
1715 1996 1848 2062 verbum
1871 1993 1926 2061 hic
1948 1994 2123 2081 genitivum

418 2143 560 2209 personae
587 2120 694 2200 habet,
719 2144 817 2206 quum
840 2119 918 2187 nlius
941 2120 975 2185 in
997 2122 1057 2186 hoc
1080 2120 1316 2208 significatione
1334 2145 1468 2210 persone
1490 2145 1547 2209 per
1569 2124 1603 2187 ἐκ
1623 2121 1644 2186 1.
1670 2125 1755 2210 παντί
1775 2118 2013 2208 praepositiones
2035 2118 2123 2185 reddi

417 2243 524 2311 solet¹
546 2267 594 2310 ex.
618 2268 665 2331 gr.
690 2244 835 2331 Thucyd.
859 2244 960 2311 VIII:
975 2248 1027 2325 44,
1055 2249 1075 2311 3
1099 2250 1127 2311 οί
1150 2248 1185 2312 δὲ
1203 2251 1346 2336 χρήματα
1365 2249 1422 2334 μὲν
1443 2248 1583 2323 ἐξέλεξαν
1605 2249 1638 2324 ἐς
1660 2248 1714 2311 δύο
1739 2250 1787 2311 καί
1810 2251 1963 2334 τριάκοντα
1986 2249 2123 2322 τάλαντα,

419 2372 449 2434 ολ
473 2371 711 2460 Πελοποννήσιοι,
733 2373 817 2459 παρὰ
840 2377 899 2436 τῶν
920 2370 1056 2452 Ῥοδίων,Ι
1079 2369 1167 2437 Xen.
1191 2393 1255 2436 ceo.
1281 2371 1342 2438 IV:
1361 2375 1397 2437 e.

559 2513 793 2600 ἐπαυρίσκεσδωι
819 2510 867 2576 II:
893 2515 923 2592 2,
947 2511 1022 2579 εἴτι
1044 2515 1200 2603 ύμῶςχρὴ
1222 2514 1340 2596 ἀγαύδν
1366 2490 1658 2602 ἐγωύιέπαυρέσύαι,
1681 2512 1766 2599 quod
1790 2512 1917 2578 verbum
1939 2534 2008 2576 raro
2031 2511 2119 2599 apud

418 2635 546 2703 Atticos
573 2634 719 2715 occurrit,
750 2659 834 2724 scope
861 2622 968 2703 autom
995 2635 1081 2723 opud
1109 2642 1228 2725 poetas,
1257 2638 1311 2723 qui
1338 2638 1400 2703 hoc
1426 2636 1520 2703 modo
1544 2637 1686 2713 scribunt
1708 2661 1757 2703 ex.
1780 2661 1827 2724 gr.
1852 2634 1936 2725 apud
1954 2634 2050 2699 Horu.
2073 2634 2115 2699 Il.

419 2761 446 2825 I:
478 2764 542 2826 410
570 2766 603 2827 et
629 2759 714 2847 apud
742 2760 836 2841 ulios;
865 2784 1000 2849 persona
1026 2766 1180 2851 prseterca
1202 2785 1260 2849 per
1282 2767 1370 2850 παριί
1389 2762 1645 2851 praepositionem
1668 2761 1820 2841 redditur,
1844 2784 1895 2827 res
1917 2764 2024 2826 eutem
2045 2783 2121 2824 non·

417 2909 581 2972 nunquam
604 2909 660 2974 per
682 2885 935 2952 accusativum.⁸

560 3028 791 3116 προκινδυνεύειν
825 3027 887 3095 IV:
921 3031 949 3108 l,
986 3030 1105 3095 πολίτου
1138 3031 1173 3095 δὲ
1206 3030 1325 3112 ἀγαύού
1358 3031 1467 3117 νομίζω
1496 3030 1727 3118 προκινδυνεύειν
1757 3030 1872 3096 ἐύέλειν
1901 3033 1952 3095 τοῦ
1982 3028 2123 3116 πλὴύους,

417 3151 532 3241 soepius
554 3153 615 3218 hoc
638 3154 769 3218 verbum
792 3177 864 3219 curn
887 3152 1109 3241 praepositionc
1132 3156 1207 3242 ύπέρ
1231 3153 1441 3240 conjungitur,
1466 3160 1502 3219 ut
1524 3153 1609 3240 apud
1631 3152 1772 3240 Lysiam,
1795 3152 1893 3219 Isocr.
1918 3150 2034 3218 alios⁴

558 3294 727 3360 Nonnulla
760 3318 885 3383 quoque
919 3296 1024 3376 verbu,
1059 3295 1173 3382 quibus
1207 3295 1285 3362 alius
1319 3295 1469 3384 subjungi
1503 3296 1585 3362 solet
1611 3295 1779 3382 genitivus,
1804 3320 1876 3362 oum
1900 3293 2123 3385 praepositione

417 3419 554 3506 quadam
578 3418 745 3508 conjunctu
767 3417 985 3486 inveniuntur:

559 3562 800 3629 α’πυλλιίττεσύαι
827 3587 898 3628 cum
929 3566 962 3629 ἐκ
987 3567 1020 3629 et
1049 3568 1134 3651 παρά
1154 3561 1429 3652 praepositionibus
1453 3562 1656 3652 conjungitur
1678 3561 1726 3627 II·:
1753 3567 1804 3644 16,
1829 3564 1894 3629 ἀλλ’
1916 3566 1999 3651 ὅμως
2019 3566 2067 3628 καί
2089 3564 2124 3628 ἐκ

418 3687 532 3773 τούτων
553 3689 693 3755 τοιούτων
717 3689 811 3781 ὄντων
834 3691 1015 3772 ἀπαλλαγεὶς
1035 3690 1090 3755 ούκ
1110 3689 1187 3755 ἔστω
1210 3692 1268 3768 κτλ,
1293 3688 1354 3757 IV:
1381 3692 1432 3769 17,
1449 3693 1497 3754 καί
1516 3690 1551 3753 ού
1568 3691 1714 3776 πρότερον
1730 3690 1886 3777 ἀπηλλάγη
1902 3690 1969 3775 πρὶν
1984 3687 2123 3774 ἀποδρὰς

417 3810 515 3904 ᾤχετο
539 3818 674 3902 τετάρτῳ
693 3814 773 3903 μηνί,
797 3815 866 3892 τούς
887 3814 1023 3901 φύλακας
1043 3814 1156 3889 λαθών,
1180 3816 1283 3903 ῶσπερ
1306 3818 1389 3903 παρὰ
1409 3813 1597 3898 βασιλέωςῇ
1621 3811 1719 3891 1:59,
1744 3814 1792 3878 καί
1807 3815 1859 3902 τὴν
1875 3813 1955 3878 πύλιν
1971 3813 2006 3876 ἐκ
2019 3811 2121 3898 φόβου

417 3941 465 4005 καλ
491 3945 587 4004 κακῶν
615 3944 675 4003 τῶν
698 3939 846 4024 μεγίστων
874 3940 1068 4053 ἅτ’ἒλλαττον.
1112 3936 1201 4003 Huic
1229 3939 1325 4004 verbo
1355 3938 1439 4027 apud
1466 3938 1652 4027 scriptorem
1681 3941 1823 4003 nostrum
1850 3935 2008 4023 genitivus
2031 3935 2121 4000 solus

417 4061 587 4153 apponitur
609 4060 637 4128 I:
663 4065 715 4142 66,
740 4065 857 4129 πολλῶν
879 4070 976 4129 κακῶν
999 4066 1048 4129 καί
1070 4065 1208 4129 κινδύνων
1232 4065 1466 4148 ἀπαλλαγέντες,-
1489 4063 1516 4129 I:
1542 4067 1594 4142 88,
1619 4060 1666 4127 H:
1694 4066 1745 4141 10,
1771 4064 1823 4141 24,
1850 4060 1929 4126 28.“’

558 4212 732 4295 κατηγορεῖν
753 4203 896 4291 sequitur
917 4203 1097 4294 praepositio
1121 4206 1190 4294 περί
1211 4204 1238 4269 Ι;
1266 4208 1338 4285 137,
1357 4207 1576 4296 Ιιατηγύρησαν
1591 4207 1626 4271 δέ
1637 4232 1699 4293 μου
1714 4208 1762 4271 καί
1778 4208 1846 4293 περί
1861 4210 1919 4270 τῶν
1936 4206 2121 4293 ναυκληριῶν

560 4472 567 4501 ¹
587 4471 638 4527 cfr.
657 4472 762 4526 Pessow
781 4470 815 4526 nd
832 4471 880 4525 hoc
898 4471 1006 4525 verbum
1024 4474 1052 4525 et
1070 4471 1156 4529 Kohn.
1175 4472 1191 4540 ἓ
1209 4474 1268 4535 418,
1289 4472 1305 4523 3
1349 4472 1401 4526 Cfr.
1420 4473 1502 4526 etium
1520 4470 1629 4525 Thucid.
1649 4471 1698 4525 111:
1718 4472 1760 4535 58,
1780 4472 1811 4523 4:
1831 4474 1901 4535 ὑμεῖς
1918 4472 1947 4524 δὲ
1966 4471 1990 4523 ελ
2007 4439 2122 4525 πτεινετε

416 4562 538 4632 ἡμᾶςκαὶ
552 4563 644 4705 {ciffis
662 4559 863 4705 τΙηηὴΠλαταηιηληκ
883 4560 1203 4704 θηβιηίδοηθπυιησεγεΡκτλ.

638 4666 652 4703 c
750 4690 756 4702 .
879 4666 969 4703 uno.
1089 4667 1102 4703 c
1187 4666 1247 4703 που.

560 4669 639 4794 'cin
658 4668 749 4793 Kithnl.l
765 4651 876 4806 §illito
896 4666 924 4792 dt
942 4667 1068 4791 annotati
1086 4734 1122 4792 εἴ
1131 4668 1244 4794 Piisow.

561 4826 656 4882 ‘Vide
674 4827 787 4881 Passow.
1088 4871 1089 4874 ,

559 4915 638 4971 ⁵011.
657 4916 750 4986 Mejeri
769 4917 863 4985 Opone.
881 4914 960 4971 Acud.
979 4914 1099 4970 adhunc
1118 4930 1220 4985 paragr.

558 4998 638 5062 ‘Clu
658 5006 744 5061 Knhn.
765 5005 874 5072 §luis
896 5009 923 5058 et
941 5008 1030 5059 annot.
1050 5006 1074 5059 2.
