4480 5940
474 364 494 425 8

429 522 472 599 εἷς
490 521 710 610 Ἑλλῆσπονπον,
732 520 831 600 ἀλλοις
851 522 880 587 θ’
901 524 944 600 εἷς
965 522 1071 588 Ἰανίαν
1095 528 1155 600 τοῖς
1176 522 1204 588 θ’
1226 524 1270 600 εἷς
1290 525 1343 611 τὴν
1366 525 1483 611 ἀγοράν
1501 526 1545 613 μὴ
1569 525 1683 603 εἶςιέναι
1705 527 1857 604 πςνίσταξις
1877 526 1922 616 ἦν.
1968 526 2009 593 In
2025 534 2126 615 posto

427 643 511 711 riore
539 646 680 712 membro
710 645 797 712 aliud
826 644 903 732 quid
930 645 1122 713 vocabulum
1149 669 1205 735 pro
1234 645 1368 713 articulo
1397 647 1549 736 scriptum
1578 646 1739 716 invenitur
1767 649 1796 714 I:
1827 653 1847 716 6
1874 654 1904 716 οἱ
1927 654 1985 739 μὲν
2012 656 2073 744 prio
2088 660 2132 736 ,ἐκ

428 773 538 837 πολλοῦ
561 773 677 860 χρόνου
707 772 968 856 ἐπαβουλεύσαντες
992 776 1040 837 καὶ
1067 772 1292 851 συνθέντες-
1317 811 1359 821 -
1388 775 1449 858 ἐγὼ
1477 775 1512 839 δὲ
1537 776 1615 860 μετὰ
1638 776 1727 853 δέους
1747 778 1795 841 καὶ
1817 777 1949 844 ιανάόνου
1971 782 2028 845 κτλ.
2073 781 2130 849 Ita

428 895 579 985 scriptum
606 900 654 962 est
682 895 710 960 I:
743 898 794 975 76,
823 919 918 982 quern
946 897 1054 965 locum
1080 877 1177 986 supra
1204 897 1308 978 attuli,
1332 899 1432 976 ἀλλοις
1451 921 1509 987 pro
1533 904 1599 977 τοῖς
1644 897 1829 965 Articulum
1852 897 1903 964 his
1924 898 1959 967 in
1982 903 2129 973 formulis

429 1021 534 1087 locum
557 1043 709 1108 occupare
731 1020 927 1109 pronominis
950 1020 1189 1088 demonstrativi
1212 1020 1306 1089 facile
1329 1012 1494 1111 apparebit
1516 1022 1639 1089 collatis
1662 1022 1740 1090 locis
1759 1023 1887 1106 talibus,
1904 1025 1960 1091 ubi
1974 1028 2126 1119 scriptum

414 1145 588 1233 ,invenitur
613 1146 673 1211 hoc
700 1147 898 1234 pronomeu¹
930 1145 964 1211 in
990 1146 1101 1213 eadem
1133 1144 1363 1234 significatione
1390 1152 1486 1233 atquc
1514 1146 1666 1214 articulus
1695 1147 1812 1215 additis
1839 1148 2014 1238 particulis,
2048 1179 2127 1242 quaa

429 1294 524 1359 supra
545 1269 738 1350 enumeravi,
762 1271 852 1337 velut
874 1271 902 1337 I:
930 1273 1002 1356 103,
1027 1270 1073 1336 ΙΙ;
1101 1274 1152 1351 16,
1179 1275 1229 1353 17,
1253 1271 1321 1338 ΙΠ;
1346 1276 1398 1339 40.

569 1397 594 1463 J
596 1419 648 1461 am
681 1420 777 1485 supra
811 1395 958 1477 diximus,
993 1395 1163 1464 articulum
1197 1396 1263 1464 vim
1296 1398 1413 1465 habere
1447 1397 1641 1487 pronominis
1663 1398 1868 1489 possessivi,'
1890 1404 1976 1489 quod
1998 1406 2126 1493 quidem

429 1520 582 1611 exemplis
616 1520 780 1588 nonnullis
811 1544 851 1588 ex
878 1519 1073 1588 orationibus
1095 1521 1273 1589 Andocidis
1300 1522 1434 1612 sumptis
1460 1524 1587 1591 firmare
1615 1525 1775 1592 volumus:
1810 1525 1839 1591 I:
1876 1531 1917 1594 22
1950 1530 2055 1622 {lappe
2088 1537 2126 1601 σὺ

429 1651 480 1714 τάν
509 1649 643 1735 πατέρα,
669 1647 696 1712 I:
726 1650 778 1721 44,
808 1650 855 1714 ἐπὶ
885 1649 953 1726 τοὺς
981 1649 1086 1726 ἵππους
1112 1650 1280 1733 ἀναβάντες
1304 1645 1421 1740 ᾤχοντο
1444 1651 1488 1727 εἷς
1509 1651 1578 1728 τοὺς
1598 1652 1756 1739 πολεμίους
1776 1654 2035 1741 ἀυτομολήσαντες.
2059 1680 2124 1744 quo

428 1770 462 1837 in
485 1795 571 1838 nexu
592 1794 716 1859 sempor
737 1770 803 1839 fere
825 1770 952 1838 additur
974 1771 1127 1839 articulus
1148 1771 1217 1857 (cfr.
1242 1772 1319 1861 Lys.
1342 1773 1429 1839 XII:
1457 1777 1507 1854 13,
1532 1774 1619 1841 Xon.
1644 1774 1750 1842 Anab.
1773 1776 1802 1841 I:
1827 1779 1855 1856 8,
1879 1780 1908 1842 3.
1933 1776 2023 1845 Com.
2044 1780 2119 1847 111:

430 1899 461 1976 3,
485 1899 528 1977 5);
552 1895 580 1960 I:
605 1900 647 1962 45
672 1899 708 1963 τὰ
731 1899 807 1964 ὅπλα
830 1899 979 1982 λαβόντες,
1001 1896 1029 1964 I:
1054 1900 1107 1976 49,
1131 1899 1177 1976 οἷς
1198 1901 1256 1987 γὰρ
1279 1899 1363 1988 ἔχρα
1385 1903 1433 1966 καὶ
1455 1902 1500 2027 οἷς
1521 1902 1658 1990 συνῆσθα
1681 1902 1754 1968 ἀνευ
1777 1906 1860 1991 ἡμῶν
1882 1909 1939 1971 τῶν
1960 1912 2115 1991 enarer.

430 2021 539 2110 Hujus
561 2021 647 2086 modi
668 2021 815 2110 exempla
836 2028 988 2110 praeterea
1010 2028 1178 2088 occurrunt
1200 2022 1229 2087 I:
1255 2025 1306 2102 12,
1332 2026 1384 2102 20,
1409 2026 1461 2105 66,
1486 2027 1539 2106 68,
1566 2028 1639 2107 125,
1663 2025 1715 2093 IV
1719 2049 1725 2092 z
1745 2029 1796 2107 14,
1813 2027 1907 2110 alibi;
1923 2052 1991 2096 curn
2006 2029 2116 2116 quibus

430 2152 504 2236 apte
532 2145 667 2213 conferri
697 2154 829 2235 possunt
854 2144 918 2212 loci
939 2146 968 2212 I:
993 2149 1046 2227 22,
1070 2149 1123 2226 41,
1147 2150 1200 2213 42.

571 2270 741 2359 Singulare
763 2270 845 2337 mihi
866 2270 992 2338 videtur
1013 2270 1148 2358 aliisque
1168 2270 1275 2339 minus
1296 2272 1450 2340 usitatum
1465 2278 1511 2341 est
1527 2273 1732 2363 scriptoribus
1746 2296 1846 2359 genus
1861 2275 1945 2343 illud
1960 2275 2124 2355 scribendi,

431 2421 493 2486 quo
515 2396 673 2487 genitivus
696 2395 753 2483 qui
775 2395 892 2463 dicitur
913 2396 1107 2486 possessivus
1130 2401 1204 2464 ante
1218 2397 1450 2465 substantivum
1465 2423 1577 2488 regens
1592 2398 1711 2488 positus
1726 2396 1791 2462 est'
1806 2420 1911 2483 neque
1927 2406 1964 2466 ut
1979 2402 2076 2489 vulgo
2090 2402 2129 2467 tit

430 2527 502 2612 post
523 2522 608 2589 idem
630 2521 767 2611 ponitur.
798 2522 871 2589 Hoc
885 2530 992 2589 temen
1007 2521 1139 2588 minime
1154 2525 1191 2589 fit
1205 2522 1240 2589 in
1254 2522 1401 2590 omnibus
1415 2523 1503 2605 locis,
1520 2524 1576 2590 ubi
1591 2522 1824 2610 conjunguntur
1839 2520 1903 2587 duo
1917 2524 2127 2603 substantiva,

431 2670 563 2733 quorum
586 2614 722 2714 alterurn
744 2648 849 2713 locum
872 2647 968 2714 habet
990 2645 1123 2735 genitivi
1145 2646 1322 2736 possessivi,
1346 2648 1402 2715 sed
1424 2672 1525 2738 pauca
1546 2653 1670 2715 tanturn
1692 2645 1875 2736 hujusmodi
1890 2647 2130 2714 observavimus

430 2773 586 2861 exempla,
609 2795 680 2859 quoe
703 2772 810 2838 omnis
830 2772 1013 2839 afferamus:
1037 2771 1065 2838 I:
1084 2775 1124 2839 15
1150 2776 1198 2839 καὶ
1220 2777 1288 2862 περὶ
1311 2780 1371 2840 τῶν
1392 2774 1505 2862 Ἑρμῶν
1521 2778 1574 2861 τῆς
1587 2778 1744 2861 περικοπῆς
1757 2774 1778 2838 ἃ
1793 2772 1872 2861 ᾔδεα
1887 2771 1915 2837 Ι;
1933 2775 1986 2852 31,
2002 2777 2080 2861 πρὸς
2092 2776 2129 2840 ἀὲ

431 2899 544 2976 τούτοις
559 2899 717 2988 μεμύησθε
738 2902 786 2965 καὶ
807 2901 963 2986 ἑιοράιιοτε
985 2903 1046 2964 τοῖν
1068 2898 1152 2964 θεοῖν
1176 2901 1211 2965 τὰ
1234 2902 1320 2988 taor&
1342 2899 1371 2965 I:
1396 2903 1449 2979 34,
1473 2899 1549 2986 Περὶ
1563 2899 1597 2964 ἀὲ
1613 2903 1673 2963 τῶν
1688 2898 1891 2988 ἀναθημάτων
1906 2904 1959 2987 τῆς
1971 2904 2131 2987 περικοπῆς

431 3027 479 3089 καὶ
501 3029 554 3112 τῆς
570 3025 742 3113 μηνύσεως·
764 3022 792 3087 Ι;
821 3024 875 3099 47,
899 3028 959 3088 τῶν
981 3022 1009 3087 θ’
1031 3022 1131 3088 ἄλλων
1153 3024 1322 3090 ἀκούσεσθε
1344 3027 1381 3090 τά
1404 3026 1536 3112 ὀνόματα
1557 3021 1631 3088 1:48
1655 3028 1715 3089 τῶν
1733 3025 1790 3110 μὲν
1813 3025 1970 3111 παρόντῶν
1993 3026 2072 3112 ὁρᾷς
2093 3025 2127 3088 τὸ

427 3149 573 3234 μέρεθος,Ι
596 3147 624 3212 I:
638 3150 691 3227 68,
715 3148 745 3212 cl
766 3152 817 3214 νῦν
839 3149 934 3235 ὁρῶσι
956 3152 1008 3213 τοῦ
1030 3148 1116 3245 ἡλίου
1140 3151 1173 3214 τὸ
1196 3156 1265 3236 φῶς
1278 3151 1308 3214 dl
1323 3150 1392 3236 ἐμὲ,·
1411 3148 1473 3216 IV:
1493 3151 1544 3227 10,
1558 3147 1608 3215 Ὦν
1624 3150 1710 3215 ἕνεκα
1726 3151 1794 3236 περὶ
1808 3150 1937 3235 ἐμαυτοῦ
1953 3149 2128 3236 παραλιπὼν

433 3274 604 3357 Αλαβιάἀου
632 3276 682 3338 τὸν
706 3272 774 3356 βίον
801 3274 967 3362 ἀναμνῆσαι
990 3274 1136 3361 βούλομαι
1141 3303 1152 3353 ,·
1177 3272 1239 3341 IV:
1270 3276 1322 3351 22,
1353 3278 1500 3362 τοιγάρτοι
1529 3280 1588 3339 τῶν
1616 3275 1692 3339 νέιον
1716 3272 1756 3338 at
1769 3274 1917 3361 θιατριβαὶ
1939 3273 1994 3338 οὐκ
2014 3274 2046 3338 ἐν
2068 3278 2131 3349 τοῖς

433 3398 600 3484 γυμνασίοις
620 3397 685 3462 ἀλλ’
708 3399 740 3463 ἐν
763 3402 824 3476 τοῖς
843 3398 1038 3487 θααστορίοις
1058 3400 1122 3465 εἰσί.
1160 3395 1255 3484 Quod
1276 3380 1434 3462 scribendi
1449 3421 1550 3483 genus
1564 3419 1756 3484 quamquam
1770 3395 1932 3484 singulare
1946 3400 1994 3462 est
2008 3398 2127 3461 strare

432 3520 517 3610 apud
546 3520 789 3587 aliosoconrrit
815 3521 983 3611 scriptores
1006 3522 1152 3590 orationi·
1178 3521 1300 3602 solutae,
1324 3545 1387 3586 non
1411 3528 1516 3588 tamen
1539 3528 1687 3611 putamus
1708 3521 1838 3590 licentia
1859 3521 1911 3588 vel
1933 3518 2128 3608 negligentia

432 3645 568 3732 quadam
592 3644 757 3725 exstitisse,
781 3646 836 3714 sed
858 3647 903 3714 ita
925 3646 1085 3736 scripsisse
1107 3651 1267 3714 auctorem
1290 3646 1457 3728 credimus,
1480 3653 1517 3714 ut
1536 3646 1738 3736 significaret,
1754 3646 1930 3735 genitivum
1945 3644 2040 3711 illum
2055 3650 2126 3711 ante

432 3770 665 3837 substantivum
686 3746 797 3858 regens
820 3772 956 3861 positum
980 3772 1108 3861 majoris
1123 3796 1191 3840 esse
1205 3771 1378 3839 momenti⁴
1393 3795 1490 3858 quum
1505 3773 1736 3840 substantivum
1751 3794 1872 3858 regens,
1888 3770 1973 3859 quod
1987 3776 2124 3837 vocatur.

573 3895 638 3962 Ubi
661 3895 702 3961 ad
723 3894 808 3963 idem
830 3896 1062 3964 substantivum
1085 3896 1148 3963 duo
1171 3897 1332 3965 adduntur
1353 3898 1519 4014 adjeptiva,
1542 3897 1643 3965 variat
1657 3903 1756 3964 status
1770 3897 1885 3963 horum
1900 3895 2127 3985 adjectivomm

432 4022 487 4102 ita,
510 4026 548 4088 ut
569 4026 638 4087 turn
661 4021 753 4087 ambo
777 4026 850 4087 aute
872 4021 1106 4089 substantivum
1129 4030 1289 4111 ponantur
1310 4047 1358 4090 ex.
1382 4046 1428 4110 gr.
1453 4022 1501 4088 11:
1518 4027 1548 4103 3,
1573 4027 1621 4090 καὶ
1635 4024 1747 4090 τούτων
1762 4025 1984 4101 ἀποδεικνύντος
1993 4048 2054 4110 μου
2069 4026 2131 4097 τοῖς

430 4149 608 4233 βουλευταῖς
627 4153 735 4236 σαφεῖς
755 4172 787 4214 τε
809 4151 858 4213 καὶ
875 4150 1022 4233 βεβαίους
1042 4152 1096 4227 τὰς
1116 4148 1318 4230 ἀποδείξεις,ὓ
1342 4155 1410 4214 turn
1434 4154 1505 4236 post
1526 4146 1611 4213 idern
1635 4146 1749 4213 omissa
1771 4146 1927 4236 particula
1942 4148 1992 4212 καί
2004 4143 2126 4212 velutz⁶

579 4413 586 4444 ¹
604 4413 657 4472 cn.
676 4414 766 4469 Graeslr
785 4414 1017 4485 Orofoiningslarc
1033 4417 1061 4471 ol
1077 4415 1099 4470 1.
1118 4413 1151 4471 N.
1170 4412 1285 4484 Madvig.
1322 4413 1496 4482 Kjebcnhavn
1517 4416 1592 4470 1867.
1629 4415 1645 4483 5
1666 4416 1715 4469 100
1735 4416 1758 4483 e)
1776 4417 1864 4469 annot

576 4503 587 4532 ²
605 4507 709 4576 unger
726 4507 742 4573 ἕ
760 4507 849 4563 sola.
872 4505 1038 4561 Griechischo
1056 4505 1294 4575 Schulgrarnoratit
1314 4519 1363 4557 von
1382 4504 1414 4558 G.
1433 4503 1549 4568 Curtius,
1567 4505 1638 4571 Prag
1658 4506 1725 4557 1873
1743 4505 1775 4571 §ss
1793 4505 1844 4558 373
1864 4505 1891 4557 et
1908 4504 1969 4557 470.
2006 4499 2127 4557 Lbistedt

434 4595 603 4665 §fflssm

578 4683 588 4710 ⁸
606 4683 657 4739 ce.
676 4683 784 4740 Krihuer
800 4683 816 4753 6
835 4685 894 4747 464,
912 4686 1001 4738 annot.
1020 4683 1042 4745 1.
1060 4684 1106 4750 qai
1125 4684 1249 4738 nonnulla
1266 4683 1362 4738 attulit
1379 4682 1496 4749 exempla
1511 4681 1591 4750 hujus
1608 4683 1817 4737 constructionis.
1845 4681 1897 4736 Cir.
1912 4678 2027 4746 Xenopb.
2041 4676 2127 4732 Anah.

435 4774 456 4829 l:
479 4775 519 4827 10.
556 4771 643 4843 Κόρου
662 4777 829 4839 ἀποτέμνεται
847 4776 864 4845 ἡ
881 4775 988 4844 κεφαλή.

579 4861 588 4888 ⁸
607 4862 659 4918 cfr.
678 4864 790 4918 Kithuen
808 4862 840 4929 ἓξ
858 4864 909 4917 464
927 4867 1016 4917 annot.
1036 4863 1048 4917 1
1067 4866 1094 4915 et
1112 4864 1128 4929 ἐ
1146 4863 1222 4915 lota
1237 4860 1281 4925 A).

580 4951 659 5006 *cfr
679 4954 765 5007 nsua.
784 4954 800 5019 6
818 4954 869 5007 405
888 4952 918 5019 0)
936 4970 960 5007 a.
1053 4970 1059 4980 ·

579 5039 589 5066 ⁶
607 5040 672 5095 Vide
690 5042 797 5095 Kirhncr
814 5043 890 5096 scra
910 5041 948 5109 g).
