4480 5940
334 564 511 632 Absolutus
541 587 615 630 vero
642 562 800 651 genitivus
829 562 985 653 imprimis
1016 563 1167 631 notabilis
1193 548 1240 631 esi
1272 563 1305 629 iu
1332 562 1516 652 participiis,
1546 587 1616 650 quei
1639 586 1742 649 neque
1764 562 1894 629 nornine

194 713 297 777 neque
329 688 515 779 pronomine
549 687 657 755 addito
690 687 736 755 ita
769 694 942 778 ponuntur,
975 695 1013 755 ut
1041 688 1187 778 ipseper
1209 712 1243 755 se
1265 688 1421 775 integram
1445 686 1893 767 efficiantcnuntiationem,¹

193 815 282 903 cujus
310 814 357 880 rei
385 813 570 903 exemplum
599 813 659 880 hcc
687 813 855 880 efferemus
887 814 915 879 I:
942 817 1016 894 133,
1040 818 1069 879 οῖ
1092 818 1141 882 διὰ
1164 821 1251 882 τοῦτο
1273 816 1372 903 ἔμοιγε
1395 817 1512 881 δοκοῦσι
1534 818 1711 902 συλλεγῆναι
1732 816 1835 889 ἐκεῖσε,
1858 814 1894 879 ἔν’

190 941 291 1017 αὐτοῖς
310 941 471 1028 ἀαφότερα
493 930 517 1028 ᾖ
537 941 646 1028 καὶμὴ
670 940 879 1027 ὑπερβάλλωσι
902 942 1004 1031 λαβεῖν
1027 942 1170 1030 ἀργύριον
1192 944 1241 1006 καί
1263 942 1363 1025 ἀλίγον
1386 940 1554 1030 πραδείσης
1575 944 1684 1026 (parvo
1700 938 1893 1005 venumdato

190 1062 352 1150 vectigali)
371 1070 540 1154 μετασχεῖν.
584 1062 769 1130 Notabilius
792 1088 866 1130 vero
888 1065 949 1131 hoc
972 1065 1155 1154 exemplum
1177 1072 1335 1153 putemus,
1359 1064 1392 1130 in
1415 1087 1477 1151 quo
1493 1087 1610 1130 nornen
1624 1063 1788 1131 numerale
1804 1063 1893 1129 nullo

187 1186 298 1255 addito
321 1186 489 1278 participio
511 1188 617 1255 locum
639 1187 773 1275 genitivi
796 1188 933 1257 absoluti
956 1194 1089 1279 occupet
1111 1190 1139 1255 I:
1166 1193 1218 1271 78,
1242 1195 1290 1256 καί
1310 1194 1368 1256 ὅσα
1384 1192 1515 1277 ὀνόματα
1531 1196 1590 1256 τῶν
1606 1190 1804 1278 τετρακοσίων
1820 1192 1897 1267 τινὸς
1971 1210 1979 1225 ·

187 1315 424 1402 &aspamam

842 1622 914 1723 De
951 1653 1042 1722 usu
1079 1622 1244 1725 dativi.

331 1865 489 1933 Venimus
512 1864 554 1931 sd
576 1864 728 1943 dativum,
752 1889 845 1932 usum
868 1867 964 1955 hujus
980 1826 1073 1933 casui
1085 1865 1310 1933 Andocideum
1324 1865 1508 1955 exposituri.
1543 1866 1595 1931 Ac
1611 1866 1748 1953 primurn
1764 1865 1894 1951 quidem

184 1993 295 2071 verba,
320 1990 436 2077 quihus
458 1989 661 2080 subjungitur
683 1990 736 2057 hic
759 2015 859 2072 casus,
882 1991 1072 2072 intueamur,
1098 1990 1183 2078 quod
1204 1997 1311 2058 tumen
1328 2016 1428 2077 quum
1444 1989 1578 2057 dicimus
1593 2014 1656 2056 nou
1671 1990 1717 2057 ita
1731 1996 1894 2081 acceptum

184 2116 350 2195 volumus,
373 2122 410 2181 ut
430 2138 590 2203 negemus,
614 2140 678 2182 non
701 2124 767 2183 tem
789 2141 828 2183 ex
852 2115 985 2205 singulis
1007 2117 1112 2185 verbis
1128 2140 1222 2205 quum
1239 2142 1278 2184 ex
1294 2117 1442 2185 universo
1455 2116 1612 2184 sententia
1627 2116 1769 2183 dativum
1785 2123 1894 2206 aptum

189 2238 440 2307 existimandum
462 2240 566 2307 esse³

338 2365 509 2432 Nonnullis
535 2366 640 2433 verbis
669 2367 812 2434 dativum
839 2368 974 2456 subjecit
1000 2368 1193 2449 Andocides,
1224 2390 1297 2455 quse
1324 2392 1394 2434 raro
1422 2367 1507 2455 aqud
1530 2367 1609 2434 alios
1631 2366 1798 2456 scriptores
1821 2389 1894 2432 cum

192 2490 256 2556 hoc
278 2514 349 2557 casu
372 2492 540 2579 conjunctu
561 2491 780 2560 inveniuntur:

333 2617 522 2706 ἐισέρχεσδαι
550 2616 598 2682 II:
631 2621 680 2697 10,
712 2622 812 2708 ἐπειδὴ
840 2621 875 2686 δὲ
892 2622 999 2709 χρόνῳ
1021 2623 1146 2708 ὕστερον
1169 2620 1292 2710 είσῆλδέ
1310 2647 1370 2708 μοι,
1393 2578 1497 2708 ὥσπερ
1520 2621 1603 2697 ελκός,
1626 2618 1764 2705 ἐπιάυρία
1788 2624 1840 2705 τῆς
1861 2643 1892 2684 τε

182 2742 259 2826 ρεά
281 2742 363 2828 δρῶν
385 2743 534 2820 πολιτείας
553 2743 665 2832 ἐκείνης
685 2748 733 2809 καί
755 2744 875 2834 διαίτης,
898 2744 983 2832 quod
1006 2746 1140 2812 verbum
1161 2743 1196 2810 iu
1218 2745 1278 2810 hoc
1293 2743 1524 2831 significatione
1539 2741 1711 2831 saepissime
1726 2740 1894 2831 scriptores

188 2888 264 2930 cum
287 2865 467 2932 accusativo
491 2866 695 2954 conjunctum
719 2868 863 2935 habeut⁴
885 2892 925 2936 ex
948 2894 995 2957 gr.
1021 2871 1115 2949 πόδας
1132 2842 1304 2960 ἐἰσέρχεταί
1321 2895 1361 2958 pe
1383 2868 1452 2935 sim.
1579 2947 1581 2952 ,

333 2994 479 3080 λοιδορεῖν
501 2993 529 3057 Ι;
560 2995 612 3073 67,
638 2996 717 3073 ὅστις
738 2997 966 3085 ελσηρησοριένω
975 2998 1033 3084 μὲν
1057 2997 1217 3086 Εὐφιλήτῳ
1240 2996 1332 3062 πίστιν
1355 3003 1415 3062 τῶν
1441 2997 1474 3060 ἐν
1497 2994 1670 3081 ἀνδρώποις
1689 2995 1893 3082 ἀπιστοτάτην,

188 3117 377 3205 ἠναντιώθην
410 3121 459 3183 καὶ
493 3119 629 3184 ἀντεῖπον
662 3123 710 3184 καί
745 3121 923 3209 ἐλοιδόρησα
950 3121 1081 3208 (ἐκείνῳ)
1110 3122 1154 3186 ὧν
1183 3121 1220 3210 ἦν
1243 3122 1331 3199 ἄξιος,
1360 3117 1417 3186 ubi
1444 3125 1550 3185 tumen
1579 3119 1683 3206 ἐκείνῳ
1705 3116 1893 3184 vecebulum

190 3238 321 3305 uncinis
352 3239 509 3308 inclusum
542 3243 640 3309 habet
673 3243 826 3311 Blessius.
872 3243 915 3309 In
947 3243 1050 3309 forme
1084 3243 1187 3311 uotiua
1217 3268 1287 3332 quae
1310 3243 1427 3311 dicitur
1447 3244 1508 3309 hoc
1529 3243 1660 3309 verbum
1684 3241 1798 3331 saepius
1821 3265 1892 3308 cum

187 3364 399 3432 accusativo⁶
425 3366 626 3455 conjungitur
652 3368 741 3435 velut
767 3368 852 3458 apud
879 3369 966 3435 Xon.
996 3366 1102 3434 Anah.
1132 3368 1199 3434 III:
1228 3374 1259 3450 4,
1285 3373 1337 3449 49,
1368 3373 1400 3434 θί
1424 3370 1458 3435 δ’Χ
1474 3369 1557 3434 ἄλλοι
1579 3374 1755 3456 στρατιῶται
1778 3369 1895 3434 παίουσι

186 3493 241 3557 καί
259 3492 407 3574 βάλλουσι
429 3496 477 3557 καί
498 3495 661 3581 λοιδοροῦσι
684 3498 734 3560 τὸν
758 3496 953 3584 Σωτηρίδαν,Ι
977 3492 1057 3561 VH:
1085 3504 1113 3573 5,
1140 3497 1178 3561 11
1205 3493 1355 3580 aliosque.

334 3616 547 3700 ἀπογίγνεσδαι
573 3618 621 3684 H:
657 3620 698 3684 10
728 3620 831 3685 Καίτοι
859 3621 920 3703 ἐγὼ
955 3619 1015 3685 τοτ’
1043 3620 1133 3696 αὐτὸς
1161 3621 1249 3703 ponde
1276 3621 1329 3698 τὰς
1355 3621 1484 3706 ἐμαυτοῦ
1507 3623 1673 3706 συμφορᾶς,
1696 3614 1776 3705 oium
1798 3622 1894 3683 κακῶν

186 3766 223 3806 τε
255 3744 303 3806 καί
330 3743 468 3830 cloppe„
496 3743 550 3808 οὐκ
575 3743 631 3808 οἷδ’
660 3745 689 3809 ἐί
712 3738 740 3809 ’τι
762 3746 931 3828 ἀπεγὲνετο,
960 3742 1046 3828 quod
1073 3744 1205 3810 verbum
1227 3742 1403 3832 plurimum
1426 3742 1569 3809 absolute
1591 3739 1721 3831 ponitur
1743 3748 1800 3807 cut
1822 3765 1893 3807 cum

188 3862 332 3949 genitivo
354 3864 401 3930 rei
424 3865 665 3954 conjungitur.⁶

335 3988 468 4057 Duobus
491 3991 595 4058 verbis
617 3991 855 4082 prepositiones
878 3991 1033 4081 opposuit,
1057 3991 1113 4058 ubi
1136 3992 1243 4059 dativo
1265 3993 1333 4058 solo
1356 3991 1497 4059 contenti
1520 4015 1668 4059 essemus.

337 4116 508 4203 ὀργίζεσθαι
540 4116 568 4182 Ι;
605 4121 635 4197 8,
671 4120 689 4183 ἀ
718 4120 753 4184 δέ
778 4143 819 4205 με
849 4123 926 4185 ποιεῖ
940 4121 1056 4206 ριίλιστι
1079 4122 1211 4206 ἀπορεῖν,
1233 4120 1295 4201 ἐγὼ
1319 4120 1383 4205 ὑμῖν
1405 4120 1479 4205 ἐρῶ,
1502 4121 1545 4184 ὅτι
1568 4119 1604 4182 ου’
1627 4122 1735 4196 πάντες
1755 4115 1828 4195 ἴσως
1847 4119 1895 4183 ἐπὶ

186 4244 264 4304 πᾶσι
298 4246 358 4317 τοῖς
388 4244 661 4331 κατηραρουρένονς
692 4243 804 4331 ὁμοίως
833 4242 1021 4330 ἀρρίζεσδε.7
1077 4242 1187 4309 Habet
1221 4248 1374 4332 pretereo
1407 4240 1442 4307 iu
1473 4243 1533 4308 hoc
1568 4240 1796 4328 significatione
1834 4241 1894 4307 hoo

182 4363 325 4429 verbum
347 4364 584 4453 praepositiunes
607 4370 657 4434 δαί
677 4390 718 4433 ex
739 4391 785 4455 gr.
810 4367 894 4455 opud
918 4368 1004 4433 Xen.
1029 4367 1136 4435 Anab.
1153 4367 1181 4432 1:
1200 4372 1229 4449 2,
1248 4372 1300 4449 26,
1318 4370 1366 4435 διὰ
1382 4371 1432 4435 τὸν
1447 4369 1576 4457 ὅλεδρον
1592 4373 1894 4455 recomposuimus

338 4561 345 4589 ¹
363 4560 416 4615 Cfr.
435 4563 523 4617 thn.
542 4563 594 4618 486
612 4567 703 4617 annot.
721 4565 747 4617 2.

334 4648 345 4677 ²
363 4649 417 4708 Cfr.
436 4650 510 4706 Curt.
528 4652 544 4720 8
561 4653 613 4706 428
631 4656 720 4707 annot.

336 4738 416 4794 Ἧι.
436 4740 523 4794 Kuhn.
542 4740 558 4808 ἕ
576 4742 662 4805 4221.

335 4827 781 4901 ‘fflr.1>ass0wct1eug.§4s,
802 4831 887 4895 11,4.

336 4916 417 4971 ’(31τ.
435 4921 561 4985 proteres
579 4920 667 4974 Kilhu.
686 4922 718 4989 ἓξ
737 4922 811 4984 409,ι
833 4925 861 4974 et
880 4922 932 4974 423
950 4924 1039 4975 annot.
1059 4922 1100 4973 22.
1138 4920 1211 4975 Curt.
1231 4922 1246 4988 ς
1265 4922 1317 4974 430
1335 4925 1426 4975 annot.
1446 4920 1469 4975 1.

335 5004 417 5060 ‘cm
437 5007 550 5071 Posses,
569 5008 659 5069 Μελίη,
677 5008 792 5078 Thucyd.
812 5011 834 5065 1:
853 5012 923 5071 39,c.
973 5030 980 5043 ·

366 5094 419 5150 Cir.
437 5097 520 5166 Krng.
539 5098 555 5165 ὅ
572 5097 617 5163 48,
639 5099 679 5161 15,
698 5100 723 5151 6.
760 5099 833 5156 Gurt.
852 5098 869 5166 d
886 5100 938 5151 439
957 5102 1045 5155 annot.
