4480 5940
1777 414 1816 477 19

156 582 205 644 καὶ
234 581 303 665 περὶ
330 582 384 664 τῆς
409 574 569 661 ἐμπορίας·
598 570 659 638 IV:
690 573 742 649 38,
766 573 794 637 ελ
816 572 851 637 δέ
874 595 915 648 τις
936 577 995 637 τῶν
1018 573 1229 659 ἀποφυγόντον
1252 574 1336 637 πάλιν
1358 575 1426 659 περὶ
1449 577 1501 659 τῆς
1521 575 1616 659 ἀυτῆς
1636 573 1732 650 αἰτίας
1752 597 1863 660 κατηγο

154 708 209 791 μεῖ
227 704 285 769 κτλ
330 699 404 765 Hoc
426 697 461 763 in
484 697 579 763 verbo
602 701 709 763 tamen
732 694 951 761 annotandum
973 693 1075 761 rarius
1098 693 1128 760 ei
1150 692 1327 781 genitivum
1350 692 1396 761 rei
1419 693 1579 783 subjungi.
1598 695 1607 726 ¹

298 842 498 929 &amadriadas
521 862 595 906 eum
616 837 839 926 praepositione
862 839 949 904 ἕνεκα
972 837 1175 924 conjunctum
1198 834 1359 903 invenitur
1383 836 1444 904 IV:
1469 840 1522 915 40,
1553 838 1593 901 00
1605 839 1699 924 μόνον
1714 839 1749 903 δὲ
1764 838 1865 905 αὐτῶν

157 970 243 1034 ἕνεκα
273 973 332 1032 τῶν
360 966 622 1054 παοανομοόντων,
651 964 700 1028 ἵνα
730 963 812 1052 δίκην
841 964 968 1037 διδῶσιν,
999 963 1198 1049 ἐπιμελεῖσθαι
1220 962 1303 1038 ἀξιον
1325 964 1374 1028 κτλ
1397 959 1483 1048 quod
1504 960 1590 1027 haud
1613 960 1678 1028 seio
1703 985 1744 1027 an
1767 984 1861 1028 nemo

156 1113 309 1177 umquam
331 1093 447 1179 praeter
469 1089 555 1154 huno
577 1085 739 1176 scripserit
761 1086 907 1153 auotor.¹

298 1230 547 1300 ἐπιλανθάνεσθαι
575 1253 645 1296 eum
677 1228 900 1318 prepositione
927 1231 997 1318 πεμί
1022 1228 1225 1318 conjungitur
1249 1229 1277 1294 I:
1304 1232 1377 1307 148,
1397 1234 1441 1319 μή
1465 1232 1562 1297 τοίνυν
1584 1234 1612 1297 ελ
1634 1232 1720 1297 αὐτοὶ
1742 1231 1864 1297 τεθνᾶσι

155 1363 204 1425 καὶ
227 1362 296 1448 περὶ
319 1363 378 1424 τῶν
400 1358 615 1445 πεποαγμένων
638 1358 740 1433 ἀυτοῖς
760 1353 979 1443 ἐπιλάθησθε.”
1049 1375 1053 1381 ’

294 1502 454 1588 μεταμέλει
477 1501 512 1567 ἐκ
532 1495 789 1587 praepositionem
810 1497 908 1562 habet
930 1495 998 1560 III:
1024 1498 1076 1573 41,
1101 1496 1280 1585 μημὶσασθε
1304 1499 1338 1563 ἀὲ
1362 1504 1481 1565 τοιαῦτα
1505 1501 1541 1576 ἐξ
1561 1500 1604 1565 ὧν
1628 1501 1692 1586 ὑμῖν
1710 1500 1863 1588 μηδέποτε

180 1652 215 1694 ετ
255 1629 287 1693 ελ
296 1624 388 1693 'aaa‘

153 1654 178 1715 μ
214 1653 254 1715 ‘¹¹⁰
288 1653 446 1840 7dppardm
468 1745 707 1837 praepositiones
728 1745 826 1811 habet
854 1747 888 1811 ἐκ
909 1750 941 1810 et
964 1701 1034 1835 πεμῖ
1053 1744 1082 1811 Ι;
1108 1749 1137 1811 8.
1187 1748 1293 1813 Σκοπῶ
1312 1749 1369 1834 μὲν
1391 1747 1444 1817 οὖν
1468 1747 1573 1832 ἔγωγε,
1596 1747 1753 1835 ὦάνθμες,
1769 1748 1862 1814 πόθεν

150 1880 215 1967 γμή
237 1877 391 1965 ἄρξασθαι
415 1882 469 1963 τῆς
490 1873 659 1957 ἀπολογίας,
682 1873 808 1958 πότερον
830 1872 865 1936 ἐκ
886 1877 944 1937 τῶν
968 1873 1146 1937 τελευταίων
1169 1873 1265 1956 λόγων
1288 1896 1330 1919 2-
1348 1910 1389 1919 -
1406 1911 1447 1919 -
1472 1872 1491 1960 ή
1515 1876 1583 1961 περὶ
1606 1877 1657 1940 τοῦ
1672 1873 1864 1961 ψηφίσματος

155 2006 208 2069 τοῦ
231 2002 396 2088 Ἰσοτμὶθου
421 2036 463 2047 -
489 2035 530 2045 -
555 2035 596 2044 -
621 1997 639 2085 ή
664 2001 731 2085 πεμὶ
754 2002 814 2062 τῶν
837 1999 935 2083 νόμων
958 2000 1006 2062 καλ
1029 2003 1088 2063 τῶν
1111 1998 1209 2084 όμκων
1232 2002 1292 2061 τῶν
1315 1999 1526 2085 γεγενημένων.

298 2140 414 2209 Variat
437 2137 639 2205 construendi
661 2136 742 2204 ratio
765 2136 854 2204 verbi
873 2138 1031 2228 μηνύειν,β
1053 2138 1151 2205 habet
1173 2137 1273 2204 enim:

301 2268 335 2358 1)
362 2262 590 2330 Accusativum
619 2286 761 2352 personae
791 2262 819 2327 I:
853 2265 903 2343 15,
935 2263 1049 2330 ἐκεῖθεν
1072 2266 1106 2330 δὲ
1129 2265 1338 2364 ἐπαγγέλλεται
1360 2265 1524 2353 τήβυυλή,
1547 2263 1579 2330 εἴ
1595 2267 1625 2329 οἱ
1647 2263 1750 2331 ἀθειαν
1772 2248 1860 2341 doira,

152 2394 295 2481 μηνύσειν
322 2393 448 2479 περότε)
477 2395 536 2455 τῶν
559 2390 742 2479 μυστηρίων,
771 2393 916 2478 συνεργός
941 2389 993 2459 ὤν,
1021 2390 1160 2467 καὶτοὺς
1185 2389 1295 2467 ἀλλους
1316 2389 1384 2466 τοὺς
1405 2395 1559 2468 ποιοῦντας
1577 2389 1647 2477 μεθ’
1669 2391 1779 2455 ἑαυτοῦ
1802 2392 1859 2456 κτλ

157 2514 207 2581 bis
229 2516 257 2580 I:
284 2518 334 2593 13,
358 2517 410 2593 52,
435 2517 488 2593 53,
513 2517 565 2580 59.
1379 2585 1385 2596 ,

298 2644 331 2723 2)
354 2640 528 2705 Personam
557 2662 613 2727 per
642 2636 897 2727 praepositionem
927 2644 1004 2706 κατά
1031 2636 1188 2704 redditam
1215 2638 1244 2703 1:
1275 2641 1327 2725 14,
1363 2640 1403 2705 Τὰ
1426 2640 1558 2725 ὀνόματα
1581 2638 1634 2704 οὖν
1657 2644 1716 2705 τῶν
1739 2642 1860 2727 ἀνδρῶν

155 2769 216 2833 ἐστι
238 2770 341 2842 ταῦτα,
364 2765 432 2831 καθ’
455 2766 500 2831 ὧν
522 2766 633 2843 ἐκεῖνος
653 2766 807 2854 ἐμήνυσεν,
831 2762 860 2828 Ι;
884 2766 927 2828 20
951 2761 1009 2842 bis,
1035 2766 1087 2841 22,
1113 2768 1165 2843 20,
1191 2766 1243 2841 54,
1269 2766 1321 2829 07.

297 2892 331 2974 3)
354 2890 527 2955 Personam
561 2912 618 2977 per
651 2887 906 2977 praepositionem
942 2890 1012 2977 πεμί
1048 2886 1205 2954 redditam
1237 2887 1288 2953 I:‘
1309 2892 1361 2967 29,
1394 2889 1600 2954 ἀττυθέάεικταί
1627 2914 1680 2975 μοι
1713 2892 1757 2966 ὡς
1788 2887 1858 2954 οὔτε

154 3017 288 3105 ἠσέβηκα
311 3014 381 3081 οὔτε
399 3017 555 3104 μεμήνυκα
578 3018 646 3103 περὶ
667 3014 792 3092 οὐθενὸς
812 3014 882 3079 οὔτε
905 3015 1082 3103 ὡμολόγηκα
1106 3018 1175 3101 περὶ
1198 3015 1306 3080 αὐτῶν.

296 3142 331 3221 4)
354 3137 566 3226 Conjunotam
590 3144 757 3224 utramque
780 3136 1035 3226 praepositionem
1058 3137 1086 3204 I:
1112 3142 1165 3217 32,
1190 3141 1218 3204 ελ
1235 3139 1293 3224 μέν
1317 3164 1341 3204 τι
1363 3135 1497 3226 ἠσέβηκα
1520 3137 1539 3224 ή
1561 3138 1737 3225 ὡμολόγηκα
1753 3137 1856 3226 ήέμή·
1923 3204 1928 3214 ,

156 3288 232 3329 ννσα
255 3267 331 3328 saia
352 3289 427 3341 τινος
447 3264 619 3351 ἀνθρώπιον
642 3264 663 3352 ή
684 3263 776 3341 ἀλλος
797 3288 838 3341 τις
858 3266 926 3351 περὶ
949 3265 1030 3350 ἐμοῦ,
1053 3244 1244 3330 ἀποκτείνατέ
1262 3288 1311 3350 με.

298 3390 333 3470 5)
355 3385 584 3453 Accusativum
618 3386 665 3452 rei
697 3386 726 3453 I:
754 3389 804 3466 10,
828 3387 891 3454 οὔτ’
914 3389 942 3454 ελ
963 3390 1062 3476 deado}
1084 3387 1147 3454 οὔτ’
1169 3391 1197 3454 ελ
1219 3388 1320 3476 ἀληθή
1343 3390 1492 3477 ἐμήνυσαν
1515 3386 1543 3451 I:
1570 3391 1621 3466 13,
1650 3390 1699 3467 14,
1725 3389 1777 3467 20,
1802 3390 1854 3452 28.

297 3514 331 3595 0)
355 3511 437 3576 Rem
464 3502 521 3599 per
549 3510 803 3599 praepositionem
833 3513 904 3601 πεμί
923 3500 1079 3578 redditam
1102 3513 1130 3578 I:
1157 3515 1208 3592 10,
1233 3514 1297 3578 odd
1320 3514 1388 3578 ολθα
1411 3515 1480 3590 τοὺς
1495 3515 1681 3602 μηνύσαντες
1702 3515 1767 3599 ὑμῖν
1790 3515 1858 3601 περὶ

152 3639 253 3704 αὐτῶν
276 3637 304 3702 Ι;
331 3639 382 3716 15,
409 3638 460 3715 19,
485 3639 537 3702 34.
1134 3627 1138 3635 ’

296 3765 329 3846 7)
352 3760 584 3828 Accusativum
606 3784 748 3849 personae
770 3766 803 3828 et
824 3760 1001 3850 genitivum
1024 3761 1070 3829 rei
1092 3762 1121 3828 1:
1147 3766 1199 3842 52,
1224 3766 1253 3828 οἱ
1275 3765 1331 3829 adr
1350 3763 1541 3852 ἐμηνύθησαν
1564 3764 1620 3829 ὑπὸ
1644 3763 1772 3850 Τεύιφου
1795 3767 1855 3828 τῶν

155 3889 361 3974 πεποιηκότων.
1919 3852 1927 3869 .

298 4013 331 4094 8)
353 4009 581 4078 Aoeusatirum
609 4034 751 4099 personas
773 4019 806 4079 et
827 4036 894 4078 rem
917 4036 974 4101 per
996 4015 1045 4080 ἐπί
1065 4011 1319 4101 praepositionem
1341 4010 1499 4078 redditam
1522 4011 1550 4076 1:
1575 4015 1628 4093 35,
1661 4014 1786 4100 Τεῦιφος
1805 4015 1853 4078 ἐπὶ

154 4141 217 4213 τοῖς
236 4134 353 4222 Ἃμγιαῖς
372 4136 516 4223 ἐμήνυσεν
540 4138 723 4226 Εὐκτήμονα,
748 4137 769 4202 I
771 4138 935 4203 ’λαόκιτιπον
957 4141 1015 4204 κτλ.
1367 4140 1374 4151 ’
1856 4112 1860 4119 ¹

298 4262 331 4339 9)
355 4258 581 4326 Accusatirum
605 4285 678 4327 oum
700 4259 859 4327 infinitivo
882 4260 910 4326 I:
937 4263 987 4341 10,
1012 4263 1089 4351 αὕτη
1112 4265 1257 4350 ἐμήνυσεν
1279 4264 1312 4328 ἐν
1334 4267 1373 4351 κη’·
1394 4263 1471 4351 ολκίᾳ
1493 4262 1703 4351 τήΧαμμίθου
1719 4264 1853 4350 τητταμὰ

153 4389 186 4451 τὸ
212 4385 379 4470 Ὀλυμπεῖον
397 4387 545 4474 μυστήμια
568 4392 658 4452 ποιεῖν
682 4388 854 4475 ,λλκιβιάθην
876 4389 925 4452 κτλ
948 4385 976 4449 I:
1003 4388 1053 4453 17.

298 4651 305 4680 ¹
324 4649 390 4705 Vide
407 4650 495 4705 thn.
514 4654 530 4720 9
547 4651 598 4706 421
617 4656 706 4707 annot
724 4656 749 4709 8.

294 4736 377 4795 ’cra
399 4740 486 4795 den.
510 4742 526 4807 fi
547 4741 599 4795 419
621 4745 710 4796 annot
736 4744 760 4796 4.
797 4742 912 4811 Thneyd.
933 4742 977 4798 Vl:
996 4743 1040 4806 54,
1058 4745 1083 4797 6.
1120 4743 1186 4797 Xon.
1205 4742 1254 4798 An.
1274 4744 1320 4798 IV:
1339 4745 1364 4809 8,
1383 4744 1417 4797 25
1436 4743 1470 4797 sL
1489 4746 1516 4797 et
1534 4745 1654 4809 praterea
1671 4742 1785 4812 'l'hncyd
1804 4741 1851 4796 IV:

153 4828 241 4892 naa.
276 4828 445 4884 Xandnab.
465 4830 541 4894 Vz7,
563 4831 604 4883 10.

296 4916 306 4945 ⁸
323 4916 375 4972 ca.
394 4918 482 4973 anan.
501 4920 518 4985 θ
535 4919 585 4972 417
605 4924 694 4975 annot.
715 4921 756 4975 12.

296 5004 305 5033 ⁴
324 5004 378 5061 cfr.
395 5007 483 5062 Ksshn.
502 5008 519 5076 9
537 5008 589 5062 419
609 5009 647 5073 b).

297 5091 377 5149 ‘Osa
395 5095 426 5151 de
444 5097 490 5152 hoc
508 5097 587 5152 verbo
604 5098 716 5152 Passora
