4480 5940
2030 186 2214 461 «1

1823 431 1865 494 as

199 594 284 661 ineo
308 592 419 659 omissa
439 596 489 658 est
511 590 615 655 forma
637 591 751 656 αύτιῖινε
775 588 842 654 III:
868 593 910 655 30
934 592 987 679 την
1011 614 1043 655 τε
1065 591 1232 680 συμμαχίαν
1255 592 1477 667 ἀποδεικνύντες
1497 593 1563 677 ύσιρ
1585 590 1726 678 κρείττων
1741 594 1760 679 η
1776 591 1912 679 σφετέρα

207 720 263 809 εἴη
285 722 340 787 κτλ
383 717 423 783 In
448 714 606 803 singulari
633 737 758 802 quoque
785 737 916 780 numero
943 712 1068 781 variant
1093 712 1203 781 formai
1227 717 1318 782 αὑτοῦ
1340 718 1375 781 et
1395 718 1522 782 ἑαυτούς
1549 713 1578 779 1:
1604 717 1667 780 127
1690 718 1816 803 φάσκων
1838 715 1913 780 εῖναι

209 848 279 912 υίδν
303 845 406 921 aarum
431 841 459 907 I:
484 843 506 906 4
534 842 623 919 οὗτος
649 840 712 929 ἄρα
736 836 917 929 βουλήσεται
939 844 1007 929 περὶ
1033 846 1086 907 τοῦ
1109 843 1247 927 νεύματος
1267 845 1319 906 τοῦ
1341 843 1451 907 ἑαυτοῦ
1473 840 1672 920 κωδονεῦσαι,
1693 837 1771 905 item
1793 837 1841 903 H:
1869 841 1910 905 18

207 968 268 1047 bis,
293 968 348 1035 1V:
375 970 427 1033 15.
475 963 601 1054 Sepias
623 986 790 1053 usurpasse
812 962 1014 1031 Andocidem
1036 964 1154 1030 formas
1175 962 1248 1030 illas
1270 962 1421 1052 dupliees,
1446 963 1578 1030 minime
1599 970 1648 1031 est
1662 962 1788 1043 mirum,
1812 987 1911 1051 quum

202 1116 256 1161 ese
278 1092 440 1182 praeeipne
462 1088 695 1177 antiquioribus
715 1088 782 1155 illis
804 1089 1008 1179 scriptoribus
1030 1090 1155 1157 usitatae
1178 1088 1306 1173 fuerint,
1330 1088 1444 1177 quibus
1466 1093 1516 1157 est
1537 1087 1792 1155 adnumerandus
1806 1087 1883 1177 ipse.
1902 1089 1919 1122 ¹'

346 1270 400 1336 Ad
430 1266 602 1359 possessiva
624 1266 693 1357 jam
720 1265 847 1357 proprie
876 1266 961 1334 diota
987 1272 1193 1347 transeamus,
1221 1266 1255 1334 in
1280 1267 1395 1353 quibus
1417 1265 1661 1345 observavimus,
1685 1265 1830 1355 usurpari
1852 1265 1911 1332 for·

206 1421 300 1462 mam
322 1398 467 1486 ἡμέτερος
485 1418 542 1483 pro
565 1393 668 1459 forma
689 1395 775 1481 ζειάς·
803 1392 831 1460 Ι;
858 1396 921 1459 106
945 1395 1038 1483 ἑξῆς
1058 1397 1076 1459 ei
1099 1395 1245 1482 ἡμέτερος
1266 1393 1302 1482 ην
1325 1397 1452 1472 πάππος,
1477 1390 1544 1458 ΠΙ;
1569 1394 1589 1457 6
1613 1393 1657 1458 ὧν
1681 1391 1911 1481 paromoeon-

211 1526 271 1612 δης
302 1524 320 1586 d
352 1525 466 1599 πάιπτος
498 1524 516 1583 ύ
550 1521 708 1608 ἡμέτερος
744 1517 812 1584 ΠΙ;
837 1521 877 1584 41
906 1518 1064 1608 μίμνησδε
1081 1520 1139 1606 μὲν
1161 1518 1214 1584 οὖν
1236 1519 1263 1584 ὦ
1287 1518 1430 1607 Ἀδηναῖοι
1453 1520 1522 1597 τοὺς
1542 1520 1707 1608 ἡμετέρους
1727 1520 1835 1602 λάγους
1855 1519 1912 1604 κτλ,

210 1647 332 1714 Rarius
353 1645 450 1712 multo
474 1643 509 1711 in
531 1645 592 1711 han
613 1643 724 1732 lingua
746 1666 841 1730 quam
863 1642 897 1709 in
919 1642 1021 1709 latina
1043 1665 1206 1710 ooeurrsre
1227 1642 1288 1710 hoe
1304 1640 1430 1709 dicendi
1445 1666 1545 1731 genus
1560 1666 1609 1710 res
1624 1647 1672 1710 est
1686 1641 1913 1731 apertissima¹

342 1822 536 1911 Subjeotum
564 1820 790 1891 enuntiationis
820 1845 919 1908 quum
947 1820 1092 1911 pluribus
1120 1819 1223 1888 verbis
1250 1820 1400 1888 immissis
1426 1820 1551 1909 longius
1574 1845 1593 1887 a
1616 1821 1713 1888 verbo
1735 1819 1914 1909 sejungitur

210 1972 269 2038 psr
293 1972 473 2037 pronomen
500 1945 784 2017 demonstrativum
812 1946 983 2036 repetitum
1005 1945 1179 2012 invenitur:
1210 1946 1239 2011 I:
1266 1949 1306 2012 16
1330 1950 1349 2035 ἡ
1374 1949 1448 2037 γυνη
1471 1946 1690 2034 ἶλληιαιονίδοο,
1714 1948 1856 2035 γενομένη
1879 1947 1913 2012 δὲ

206 2078 258 2139 καὶ
283 2074 432 2159 Δάαωνος
452 2110 495 2121 -
522 2111 559 2123 -
583 2111 626 2121 -
649 2073 725 2163 αὕτη
752 2075 896 2163 ἐμήνυσεν
924 2075 957 2139 ἐν
979 2084 1020 2163 ιη’
1039 2074 1117 2161 οἰκίᾳ
1140 2081 1180 2163 τῇ
1203 2073 1359 2160 Χαρμίδου
1382 2110 1425 2120 -
1444 2075 1595 2163 μυστήρια
1617 2078 1710 2138 ποιεῖν
1733 2071 1914 2160 Ἂλισβιάδην,

207 2194 281 2263 cfr.
306 2195 335 2260 I:
362 2200 424 2286 12,
437 2199 488 2276 27,
514 2200 586 2277 132,
613 2198 686 2278 149,
710 2198 778 2264 111:
802 2200 821 2263 5
846 2196 925 2264 alios
947 2197 1042 2278 lenos,
1066 2195 1121 2264 ubi
1144 2195 1215 2263 aliar
1231 2194 1458 2263 enuntiationis
1473 2199 1578 2285 partes
1593 2218 1650 2284 per
1664 2196 1725 2262 hon
1740 2219 1914 2285 pronomen

212 2324 410 2410 repetuntur.

348 2463 514 2531 Interdum
536 2464 690 2532 omissum
705 2470 753 2532 est
767 2465 828 2532 hoo
843 2464 1039 2553 pronomen⁸
1061 2488 1126 2531 non
1141 2465 1245 2531 solum
1261 2468 1335 2530 ante
1350 2462 1585 2532 enuntiationes
1601 2461 1748 2530 relativas
1762 2463 1851 2531 velut
1866 2461 1913 2529 11:

216 2591 258 2655 18
275 2593 392 2679 μεγάλη
416 2596 475 2679 γαρ
499 2593 577 2657 ἐστιν
599 2593 703 2681 ἀρετή,
726 2593 806 2668 ὅστις
827 2593 879 2679 τὴν
901 2593 1011 2657 ἑαυτοῦ
1034 2592 1115 2656 πόλιν
1138 2593 1255 2678 ὁτῳοῦν
1278 2591 1400 2657 δύναται
1422 2592 1525 2679 τρόπῳ
1540 2590 1661 2679 αόαδύν
1676 2615 1701 2656 τι
1715 2590 1912 2678 &persistendum

208 2714 261 2780 II:
286 2717 331 2779 24
359 2717 387 2779 εἰ
410 2717 470 2803 γὰρ
494 2708 553 2780 dou
574 2719 602 2780 οῖ
624 2716 780 2804 άνδρωποι
802 2724 870 2805 (τῇ)
894 2718 996 2805 Γνώμη
1019 2694 1251 2804 ἁριαοτάνουσιν,
1273 2718 1306 2782 τὸ
1329 2722 1417 2803 σῶμα
1440 2716 1540 2782 αύτῶν
1558 2717 1603 2804 μὴ
1626 2713 1717 2781 αἴτιόν
1740 2716 1816 2780 ἐστιν
1839 2715 1913 2792 κτλ;

214 2836 304 2924 quod
324 2836 410 2904 idem
432 2839 470 2905 fit
491 2838 553 2906 IV:
575 2842 614 2906 ls
636 2844 669 2907 et
691 2838 763 2907 aliis
785 2839 819 2906 in
843 2839 936 2919 lonis;
961 2839 1017 2906 sed
1039 2838 1136 2906 etiam
1158 2839 1192 2905 in
1215 2838 1287 2906 aliis
1309 2838 1489 2908 struoturis:
1514 2839 1576 2906 IV:
1596 2842 1636 2905 17
1658 2840 1802 2926 δεομένου
1817 2840 1852 2904 δὲ
1867 2841 1915 2904 καί

213 2968 383 3051 πσοφάσεις
394 2966 518 3054 α’ληδεῖς
530 2968 668 3051 λέγοντος
681 2969 751 3045 κτλ;
773 2971 986 3054 exspectatur:
1004 2968 1110 3033 τούτου
1126 2968 1285 3053 δεομένοο;
1303 2964 1365 3034 IV:
1382 2968 1422 3032 15
1440 2966 1477 3031 ού
1494 2965 1591 3032 τοίνυν
1607 2970 1698 3032 ταῦτα
1714 2960 1915 3045 (subauditur

211 3089 316 3175 αύτιμ)
336 3091 428 3176 μόνον
450 3092 611 3179 ἐξήρκεσεν
633 3093 690 3157 κτέ.
714 3089 774 3159 IV:
800 3094 842 3156 20
865 3092 920 3157 οὐκ
941 3093 1009 3167 ἐξδν
1032 3092 1259 3181 ἐπχεῳησαντα
1280 3092 1401 3157 κωλύειν
1418 3087 1507 3173 (audi
1523 3091 1614 3156 αὐτὸν
1628 3111 1742 3177 nempe
1765 3090 1914 3177 Ταυρέαν)

213 3209 297 3278 aliis.
342 3212 423 3280 Vise
455 3237 549 3281 versa
582 3213 726 3281 abundat
760 3214 994 3301 quodammodo
1028 3214 1124 3302 hujus
1159 3214 1246 3281 modi
1270 3237 1459 3302 pronomen:
1494 3215 1541 3280 II:
1569 3216 1610 3280 10
1633 3215 1734 3302 ἐπειδὴ
1757 3215 1791 3280 δὲ
1808 3215 1915 3311 χρόνῳ

211 3336 342 3425 ὕστερον
365 3336 484 3426 εῖσηλδέ
501 3366 562 3427 μοι,
586 3342 690 3429 ὥσπερ
714 3342 797 3418 sisic,
820 3339 958 3428 ἐπιδυμία
982 3346 1035 3429 της
1055 3365 1087 3406 τε
1105 3339 1178 3428 μεθ’
1200 3342 1284 3428 ὑμῶν
1306 3339 1453 3435 πολιτείας
1473 3341 1586 3430 ἐκείνης
1605 3343 1653 3406 καὶ
1676 3339 1793 3427 διαίτης.

349 3514 557 3597 Oorrelntum,
592 3517 633 3585 ad
667 3518 753 3606 quod
786 3517 920 3585 refertur
953 3541 1126 3607 pronomen
1160 3517 1340 3596 relativum,
1375 3539 1613 3611 nonnumquam
1643 3524 1715 3606 post
1748 3514 1915 3583 relativum

210 3638 315 3727 ipsum
338 3641 459 3708 lentum
482 3642 651 3732 reperitur:
675 3643 704 3709 I:
731 3647 795 3710 120
818 3648 867 3711 καὶ
889 3646 926 3734 ης
942 3647 1000 3733 μὲν
1022 3646 1083 3729 ἐγὼ
1106 3646 1332 3733 ἐπεδικασάμην,
1355 3671 1375 3733 η
1398 3648 1468 3724 παῖς
1489 3645 1563 3733 τύχη
1581 3645 1760 3733 χρησαμένη
1781 3646 1915 3729 καμοῦσα

213 3765 372 3832 ἀπέθανεν.
418 3767 514 3854 Quod
541 3767 729 3836 insolentius
756 3771 793 3836 fit
818 3767 903 3858 apud
931 3766 1010 3835 alios
1036 3766 1211 3856 scriptores,
1236 3765 1385 3835 iteratum
1407 3766 1587 3835 invenimus
1609 3790 1782 3857 pronomen
1804 3764 1907 3833 relati-

213 3911 307 3954 vum:
331 3890 392 3959 IV:
417 3896 459 3959 23
483 3896 518 3961 ἐκ
538 3897 648 3985 ταύτης
669 3897 728 3984 γὰρ
751 3897 959 3962 παιδοποιεῖται
981 3900 1035 3983 τῆς
1056 3896 1195 3979 γυναικός,
1218 3895 1255 3983 ἣν
1278 3894 1341 3960 ἀντ’
1363 3892 1529 3982 ἐλευθέρας
1549 3894 1660 3982 δούλην
1682 3894 1852 3982 κατέστησε,
1868 3912 1914 3957 κα·

213 4015 253 4103 ἧς
286 4017 336 4081 τδν
369 4019 483 4106 πατέρα
518 4022 566 4085 καὶ
600 4020 669 4099 τούς
688 4023 895 4110 προσήκοντας
915 4022 1072 4097 ἀπέκτεινε,
1095 4023 1143 4085 καλ
1165 4022 1202 4109 ἧς
1223 4021 1276 4108 την
1298 4021 1380 4085 πόλιν
1402 4022 1570 4085 ἀνάστατον
1592 4019 1748 4108 πεποίηκεν
1770 4020 1837 4093 κτλ,
1859 4014 1916 4082 ubi

213 4138 282 4205 duo
311 4139 453 4230 proxima
480 4142 614 4210 relativa
643 4150 699 4212 aut
726 4143 902 4213 omittenda
928 4149 984 4210 aut
1007 4168 1080 4211 oum
1102 4142 1356 4211 demonstrativis
1380 4143 1639 4211 commutanda!
1681 4143 1841 4209 Praeterea
1866 4164 1915 4208 ve·

211 4287 292 4353 ram·
322 4264 585 4352 significationem
617 4269 713 4358 hujus
746 4268 943 4358 pronominis
977 4267 1040 4335 ita‘
1056 4268 1198 4336 omisisse
1227 4268 1352 4336 videtur
1385 4276 1505 4349 suntor,
1533 4274 1570 4335 ut
1592 4273 1671 4348 δσιτς
1691 4292 1748 4357 pro
1770 4266 1916 4354 eoquod

205 4396 264 4457 est
300 4392 337 4468 ύς
368 4390 519 4478 iegitnr⁵:
560 4393 627 4459 III:
655 4397 695 4460 17
731 4402 850 4484 πρῶτον
879 4399 938 4483 μὲν
973 4395 1228 4482 Λακεδαιμονίους,
1262 4395 1366 4474 οἵτινες
1397 4397 1558 4484 α’ρχιηιενοι
1586 4397 1644 4482 μὲν
1681 4397 1748 4484 ημῖν
1783 4397 1831 4459 καὶ
1858 4398 1921 4470 τοῖς

209 4519 384 4605 συμμάχοις
403 4520 536 4605 πολεμεῖν
560 4520 653 4609 ἦρχον
676 4524 724 4586 καί
746 4524 820 4587 κατὰ
844 4527 899 4611 γῆν
921 4524 969 4587 καί
991 4522 1065 4587 κατὰ
1089 4520 1252 4586 δάλατταν.

363 4748 370 4777 “
389 4747 441 4804 cfr.
460 4750 547 4805 Kbhn
566 4752 583 4819 ἐ
603 4751 661 4817 168,
682 4752 705 4806 1.

389 4837 456 4893 Vide
474 4839 562 4894 Rutu.
581 4840 597 4907 6
615 4840 676 4903 371,
694 4841 719 4894 3.

365 4923 442 4981 'cra
461 4928 548 4983 Kuhn.
567 4930 583 4997 9
601 4930 662 4992 167,
681 4929 698 4983 9
716 4932 744 4984 et
761 4930 777 4998 6
794 4931 854 4984 469.
890 4928 999 4999 Madvig
1020 4928 1079 4983 102.

366 5011 375 5039 ⁸
394 5013 443 5070 sn.
461 5016 568 5088 Madvig
585 5020 601 5087 9
622 5018 672 5073 ¹04
691 5019 718 5087 a)
737 5022 765 5072 at
782 5018 820 5086 b).
857 5019 944 5073 Kahn.
964 5017 980 5086 9
998 5017 1059 5082 561,
1079 5025 1102 5072 1.

371 5098 445 5159 'ers
462 5106 583 5163 Intereat
599 5110 615 5179 9
634 5109 676 5163 73.
696 5106 742 5161 VI:
764 5107 785 5160 l.
