4480 5940
499 321 541 382 20

595 474 737 541 Nomina
760 499 884 562 quoque
906 474 1112 555 substantiva,
1136 500 1176 541 ex
1199 476 1294 542 verbo
1313 478 1435 566 μηνύειν
1458 474 1603 552 deducta,
1628 471 1683 539 ubi
1707 496 1779 539 cum
1803 473 1899 539 verbo
1925 472 2065 559 quodem
2090 496 2150 538 con·

450 601 638 688 junguntur,
663 599 790 666 easdem
812 598 1048 688 praepositiones
1072 607 1167 685 atque
1188 600 1320 666 verbum
1342 599 1447 688 ipsum
1471 598 1651 665 adsumunt.
1699 598 1773 683 Qua
1794 597 1828 662 in
1856 622 1891 664 re
1919 601 2030 664 tamen
2055 602 2150 664 tenen·

454 724 541 805 dum,
570 725 652 791 hanc
680 724 945 791 constructionem
972 747 1037 789 non
1064 747 1104 790 ex
1127 724 1324 790 substantivo
1347 722 1425 813 ipso,
1450 724 1505 790 sod
1529 746 1569 789 ex
1590 746 1676 789 nexu
1699 721 1891 789 substantivi
1915 728 1950 789 et
1974 721 2064 789 verbi
2088 747 2152 812 pcn-

455 849 539 916 dere.
586 849 743 937 Exempla
765 873 832 915 rem
854 848 1061 915 illustrabunt
1083 848 1111 914 I:
1140 853 1189 928 l4,
1216 850 1330 939 Πρώτη
1348 852 1405 937 μὲν
1428 851 1455 915 ὦ
1478 849 1588 936 ἄνδρες
1604 851 1730 938 μήνυσις
1743 850 1861 932 ἐγένετο
1877 850 1958 937 αὕτη
1974 850 2032 914 ύπδ
2048 849 2152 936 ἶλνδρο·

451 979 552 1063 μάχου
579 978 653 1040 κατὰ
681 980 792 1040 τούτων
823 982 882 1040 τῶν
911 977 1032 1063 ἀνδρῶν
1039 1004 1049 1055 ,·
1072 974 1099 1039 Ι;
1130 978 1182 1054 23,
1212 976 1378 1063 ἢμηνοσίς
1399 1000 1440 1053 τις
1460 977 1516 1063 ἐμη
1539 976 1617 1040 ἐστιν
1640 974 1660 1061 ἢ
1684 977 1858 1063 ἀπογραφή,
1877 976 1924 1062 μη
1948 976 1994 1039 δτι
2015 976 2071 1062 ἐμὴ
2093 974 2153 1039 ταδ’

456 1101 570 1187 ἑτέρου,
594 1099 658 1165 αλλ’
680 1103 708 1165 εί
729 1104 777 1165 καί
799 1101 892 1166 ἄλλου
915 1104 992 1178 τινὸς
1013 1101 1074 1166 κατ’
1097 1103 1169 1186 ἐμοῦ
1176 1130 1186 1181 ,·
1208 1098 1236 1164 I:
1262 1102 1314 1178 25,
1340 1103 1375 1165 At
1393 1102 1450 1187 μὲν
1469 1102 1611 1189 μηνύσεις
1631 1096 1693 1165 ὧδὲ
1716 1102 1785 1186 περὶ
1807 1105 1866 1165 τῶν
1881 1100 2061 1188 μυστηρίων
2076 1100 2153 1165 οὗτοι

456 1226 591 1307 ἐγένοντο
615 1226 768 1312 τέτταοεςγ
790 1224 818 1289 I:
844 1227 896 1304 27,
921 1227 1021 1314 ἐπειδὴ
1045 1228 1076 1289 αί
1094 1226 1234 1313 μηνύσεις
1254 1227 1390 1309 ἐγένοντο
1414 1229 1482 1313 περὶ
1497 1231 1557 1290 τῶν
1567 1224 1742 1312 μυστηρίων
1757 1226 1806 1290 κτλ
1812 1253 1822 1303 ,·
1843 1223 1870 1289 Ι;
1892 1226 1944 1303 19,
1962 1227 2010 1290 καὶ
2026 1225 2153 1313 γενοίμην

453 1352 585 1438 μηνυτὴς
605 1351 679 1415 κατὰ
702 1355 754 1414 τοῦ
778 1353 887 1436 κατρδς
908 1355 959 1414 τοῦ
982 1352 1129 1435 incusor),
1152 1348 1179 1414 I:
1205 1352 1257 1428 20,
1282 1350 1365 1437 ἐίπερ
1388 1352 1449 1432 ἐγὼ
1468 1350 1601 1437 μηνυτης
1622 1350 1764 1437 ἐγενόμην
1787 1352 1855 1436 περὶ
1878 1354 1931 1414 τοῦ
1955 1351 2072 1437 πατρός.

598 1488 840 1577 Adjectivorum
863 1472 1093 1571 Relativorum,
1119 1490 1138 1556 i.
1164 1516 1190 1557 e.
1216 1514 1286 1577 quae
1309 1515 1366 1578 per
1387 1512 1421 1557 se
1444 1514 1509 1557 nou
1526 1495 1621 1559 certoe
1636 1489 1767 1557 satisae
1782 1488 1923 1555 definitae
1938 1496 2014 1557 sunt
2028 1496 2153 1580 potesta·

456 1618 506 1695 tis,
529 1639 594 1680 non
617 1639 718 1703 pauca
739 1614 915 1702 genitivum
938 1615 993 1695 rei,
1011 1639 1074 1701 qna
1089 1640 1176 1702 vege
1192 1640 1301 1682 eornm
1316 1615 1462 1682 notiones
1478 1615 1680 1683 continentur
1695 1622 1727 1682 et
1743 1614 1831 1702 quasi
1847 1614 2151 1693 circumscribuntur,

457 1739 637 1810 adsumunt.
684 1739 736 1805 Es
764 1738 957 1806 orationibus
985 1738 1163 1814 Andocidis
1190 1742 1259 1807 hmo
1289 1745 1413 1807 tantum
1442 1741 1586 1808 afferam:
1620 1741 1731 1819 ἀπαιςι
1759 1740 1787 1806 Ι;
1815 1743 1888 1820 117,
1913 1742 2048 1808 ἀπέδυνε
2070 1744 2152 1808 δὲέν

459 1866 577 1954 Σικελίᾳ
605 1865 693 1944 ἅπαις
718 1868 857 1954 ἀρρένων
888 1867 1010 1943 παίδων,
1049 1865 1089 1931 ad
1123 1866 1208 1952 qnod
1243 1865 1436 1953 adjectivum
1459 1865 1587 1933 additur
1609 1864 1842 1932 substantivum
1866 1866 2008 1953 ejusdem
2030 1863 2153 1952 originis

459 1995 553 2075 atque
580 1987 772 2077 adjectivum
801 1988 919 2078 ipsum,
956 1992 1109 2070 ἐναντίος’
1133 1990 1161 2056 Ι;
1188 1994 1240 2069 58,
1276 1992 1353 2057 ἀποο
1381 1994 1415 2058 δὲ
1439 1994 1550 2059 τούτων
1574 1996 1607 2058 τὸ
1631 1995 1843 2057 ἐναντιώτατον
1866 1992 1920 2080 jn,-
1942 1990 1970 2055 I:
1997 1994 2067 2071 136,
2091 1994 2152 2076 ὑμῖν

460 2115 615 2199 δέγεζτδ)
638 2117 770 2182 ἐναντίον
794 2118 914 2193 τούτων,
937 2116 1021 2202 qnod
1044 2115 1236 2205 adjectivum
1259 2118 1445 2204 plerumque
1469 2116 1617 2183 dativum·
1635 2139 1742 2182 casum
1765 2114 1917 2195 adsumit;
1941 2117 2041 2204 άτιμος
2056 2115 2083 2180 Ι;
2101 2118 2149 2194 75,
2228 2080 2229 2095 i

461 2242 573 2306 τούτων
600 2241 677 2329 ἦσαν
706 2242 786 2307 ούτοι
817 2242 918 2329 ἄτμοι,
939 2240 1031 2328 ‘quod
1059 2237 1250 2329 adjectivum
1273 2266 1344 2307 eam
1367 2243 1407 2307 ob
1430 2264 1558 2309 causam
1581 2266 1653 2309 cum
1676 2239 1816 2329 genitivo
1839 2238 2045 2328 conjungitur,
2069 2239 2150 2326 quod

459 2363 494 2428 in
516 2386 550 2430 se
571 2364 669 2430 habet
690 2392 711 2431 ιι
735 2365 816 2431 illud
841 2364 1042 2454 privativum,
1067 2366 1151 2453 quod
1175 2366 1326 2432 vocant.⁸
1416 2398 1419 2405 ⁴

603 2506 693 2573 Inter
722 2509 868 2597 exempla
896 2507 1029 2595 genitivi
1059 2508 1265 2597 comparativi
1293 2510 1362 2575 haec
1390 2533 1408 2574 e
1435 2508 1546 2575 multis
1570 2516 1694 2597 arrepta
1716 2507 1884 2574 afferantur
1905 2505 1962 2574 IV:
1988 2508 2037 2585 17,
2060 2507 2147 2571 οὐδὲν
2228 2480 2229 2559 t

462 2635 520 2721 γὰρ
543 2635 631 2721 ἧττον
653 2634 786 2722 ἐδεδηκει
808 2640 867 2700 τῶν
891 2637 1136 2722 ὁμολογουμένων
1159 2637 1276 2701 δούλων
1298 2634 1383 2720 qnod
1406 2633 1570 2700 obscurius
1593 2656 1668 2700 sane
1691 2632 1812 2699 dictnm
1834 2631 2003 2721 putandum
2024 2636 2069 2695 est
2082 2628 2141 2697 IV:

2228 4992 2229 5069 1

461 2760 514 2835 29,
546 2758 731 2844 βολυόμενος
763 2764 801 2846 τῇ
834 2760 980 2848 ὑστεραίᾳ
1015 2762 1162 2847 πρότερος
1195 2767 1248 2848 τῆς
1280 2762 1395 2837 πόλεως
1417 2762 1596 2849 χρησασδαι
1619 2764 1680 2836 τοῖς
1695 2764 1823 2849 χρυσοῖς
1838 2758 1993 2848 χερνιβίοις
2012 2754 2072 2822 IV:
2096 2757 2148 2832 30,

462 2884 559 2969 τούτῳ
578 2885 685 2971 σκηνὴν
704 2885 761 2970 μὲν
786 2883 932 2972 Περσικὴν
956 2885 1079 2972 ’λλοέσιοι
1102 2887 1254 2951 διπλάσιον
1278 2891 1330 2974 τῆς
1350 2886 1494 2974 δημοσίας
1515 2884 1635 2973 ἔπηξαν.
1680 2883 1744 2948 Per
1766 2880 1962 2949 occasionem
1983 2902 2092 2945 moneo
2115 2901 2152 2944 ex

461 3004 557 3093 hujus
585 3005 673 3071 modi
702 3005 865 3094 adjectivis
891 3006 925 3073 in
953 3007 1088 3094 positivo
1115 3009 1217 3097 gradu
1246 3007 1358 3097 positis
1387 3009 1525 3097 pendere
1554 3032 1618 3075 non
1648 3008 1752 3073 solnm
1779 3007 1877 3072 talem
1899 3005 2079 3094 genitivum,
2102 3002 2154 3069 scd

461 3128 636 3218 expositam
659 3129 755 3197 etiam
778 3154 1016 3218 nonnumquam
1038 3133 1228 3220 particulam
1250 3133 1496 3222 comparativam
1520 3131 1699 3224 jinvenin,
1716 3156 1778 3219 quo
1793 3132 1972 3199 luculentcr
1986 3136 2079 3220 patet,
2094 3128 2155 3195 vim

462 3253 502 3320 iis
531 3253 644 3343 subjici
673 3254 955 3344 comparativam.⁴
1006 3234 1157 3343 Denique
1184 3259 1245 3324 hoc
1275 3283 1401 3345 quoquc
1431 3258 1647 3324 annotandum
1676 3258 1857 3346 exemplum
1886 3256 1954 3322 IH:
1980 3261 2031 3336 30,
2055 3260 2105 3344 την
2127 3281 2155 3321 τε

464 3382 631 3471 συμμαχίαν
654 3384 874 3459 ἀποδεικνύντες
894 3385 959 3471 ὅσῳ
974 3384 1113 3471 κρείττων
1135 3388 1155 3472 ίγ
1178 3386 1312 3473 σφετέρα
1335 3385 1381 3473 ἐίη
1405 3390 1464 3450 τῶν
1488 3384 1660 3467 Ἐγεσταίων
1683 3387 1730 3450 καλ
1753 3390 1816 3449 τῶν
1836 3384 2023 3459 Καταναίων,
2044 3380 2077 3446 in
2099 3403 2156 3465 quo

464 3503 547 3571 inest
569 3505 759 3594 comparatio
784 3529 855 3591 qum
878 3504 995 3573 dicitur
1018 3506 1261 3596 compendiaria.

607 3646 750 3715 Genitivi
778 3649 927 3738 temporis
954 3651 1023 3716 haic
1046 3650 1205 3717 sufficiant
1227 3650 1374 3736 exempla
1396 3649 1424 3714 1:
1451 3654 1501 3730 79,
1526 3656 1617 3717 ποιεῖν
1639 3653 1673 3716 δὲ
1698 3656 1789 3716 ταῦτα
1813 3656 1902 3737 τριῶν
1925 3654 2047 3738 ημερῶν
2070 3646 2158 3729 (intra

465 3777 528 3838 tres
551 3769 630 3856 dies)
653 3772 715 3840 IV:
741 3776 770 3853 5,
796 3776 866 3840 δέκα
889 3778 965 3841 ἐτῶν
988 3780 1007 3864 ίγ
1031 3778 1111 3855 πύλις
1130 3778 1219 3843 οὐδέν
1242 3778 1360 3861 ἀγαδδν
1383 3778 1438 3842 ύπά
1462 3778 1567 3842 τούτου
1591 3780 1643 3841 τοῦ
1666 3777 1778 3863 ἀνδρὸς
1799 3772 1962 3840 πείσεται5
2000 3870 2003 3875 χ

607 3914 721 4001 Neque
743 3916 856 3982 desunt
879 3917 1025 4006 exempla
1046 3917 1178 4006 genitivi
1201 3916 1322 4007 pretii⁰
1344 3918 1372 3984 I:
1400 3922 1473 3984 133:
1498 3920 1534 3984 ἕν’
1556 3921 1657 3996 αδτοίς
1678 3920 1836 4006 ἀμφύτερα
1858 3914 1882 4006 ᾖ
1902 3919 2006 4005 καὶμὴ
2022 3916 2159 4003 ύπερβάλ·

459 4010 540 4107 Δλωσι
562 4043 663 4127 λαβεῖν
686 4044 827 4130 ἀργύριον
850 4048 898 4109 καί
920 4045 1020 4127 ἀλίγον
1044 4045 1211 4133 πραδείοης
1227 4049 1404 4133 μετασχεῖν,
1426 4043 1473 4107 H:
1499 4046 1529 4123 4,
1554 4043 1678 4119 οὐδενὸς
1699 4044 1736 4107 ἀν
1752 4045 1910 4130 χρήματος
1923 4043 2079 4127 δεξάμενοι
2094 4042 2162 4126 ὑμᾶς

468 4191 492 4232 τι
514 4166 631 4252 ἀγαδδν
653 4169 690 4241 ἐξ
709 4169 781 4253 ἐμοῦ
804 4172 913 4255 πρᾶξαι
919 4199 929 4250 ,·
952 4167 1007 4234 cfr.
1032 4167 1079 4233 H:
1105 4173 1158 4249 21,
1182 4170 1329 4256 ἐδεξάμην
1352 4169 1379 4232 δ’
1401 4171 1468 4246 (ἀν)
1492 4171 1556 4232 ἀντὶ
1579 4172 1698 4233 πάντων
1716 4169 1883 4255 χρημάτων
1899 4167 1973 4231 εἶναι
1988 4168 2022 4232 ἐν
2038 4165 2163 4253 ἀσφαλεῖ

468 4296 583 4380 φράσω
605 4294 680 4380 πρὸς
700 4294 777 4379 ὑμᾶς
796 4294 845 4358 κτλ
868 4300 900 4359 et
922 4293 983 4361 IV:
1010 4297 1061 4373 13,
1086 4298 1121 4372 δς
1141 4297 1194 4382 την
1218 4293 1347 4359 Καλλίου
1372 4296 1468 4382 γημας
1490 4294 1623 4380 ἀδελφὴν
1646 4294 1693 4363 ἐπὶ
1716 4292 1788 4357 δέκα
1812 4292 1970 4367 ταλάντοις.

613 4559 620 4588 “
639 4558 691 4614 cn.
710 4558 742 4613 de
759 4558 807 4613 hoo
825 4558 953 4626 adjectivo
970 4560 1083 4613 Passov.
1120 4559 1207 4614 Kuhn.
1226 4562 1241 4628 ς
1259 4560 1310 4612 421
1329 4562 1417 4613 annot.
1438 4562 1463 4615 5.

610 4645 620 4674 ²
638 4647 705 4703 vido
722 4648 831 4703 thner
848 4649 864 4715 ἕ
881 4649 957 4711 4l6‚s
978 4653 1004 4701 ct
1024 4649 1039 4715 ἓ
1057 4649 1161 4713 taam.
1199 4648 1252 4703 cn.
1271 4648 1324 4707 Νι,
1335 4649 1378 4709 20,
1397 4648 1419 4701 I:
1440 4649 1498 4700 118.

613 4735 692 4791 ’cn
711 4737 798 4791 Kiihn.
817 4737 867 4790 421
887 4741 976 4792 annot.
996 4740 1011 4791 5
1031 4741 1058 4791 et
1076 4739 1160 4806 Krug.
1178 4739 1220 4801 47,
1239 4738 1282 4799 26,
1304 4738 1344 4789 10.

613 4824 621 4851 ⁴
641 4825 693 4880 cfr.
711 4826 798 4880 Kuhn.
817 4826 832 4891 ξ
850 4826 903 4879 420
921 4831 1009 4880 annot.
1028 4828 1053 4891 4,
1071 4825 1186 4894 Thncyd.
1206 4827 1226 4880 I:
1248 4827 1315 4887 10,a⁴
1353 4824 1447 4878 Herod.
1466 4824 1497 4877 V:
1518 4825 1560 4887 57,
1578 4824 1652 4878 alios.

642 4913 694 4968 cfr.
713 4916 800 4969 Kuhn.
819 4916 834 4982 ᾖ
852 4915 939 4978 alas.
975 4917 1014 4970 De
1032 4915 1206 4982 discrepantia
1224 4915 1366 4969 accusativi
1385 4916 1412 4966 et
1430 4913 1540 4982 genitivi
1559 4914 1684 4981 tomprois
1702 4913 1760 4967 ride
1779 4914 1910 4984 Hartung.
1928 4930 1989 4983 pag.
2008 4914 2052 4967 43.

613 5000 623 5029 ⁸
641 5003 707 5058 Vide
725 5004 811 5058 Kohn.
829 5005 845 5073 ᾗ
863 5004 949 5065 crea.
985 5004 1059 5062 Cart.
1078 5005 1137 5060 421.
