4480 5940
204 1616 365 1772 Veram
387 1731 455 1774 esse
477 1706 673 1793 minimeque
696 1705 943 1772 addubitandam
965 1704 1155 1772 sententiam
1178 1706 1266 1772 illam
1292 1705 1433 1772 omnium
1456 1706 1621 1773 homiuum
1637 1707 1810 1791 doctorum,
1834 1733 1898 1795 qua

201 1855 348 1919 magnam
377 1831 571 1899 contendant
600 1831 685 1897 inter
707 1830 882 1898 orationem
904 1831 1041 1898 solutam
1062 1854 1302 1918 sermonemque
1324 1830 1482 1920 poeticum
1504 1830 1699 1900 intercedere
1721 1832 1896 1923 discrepan-

200 1956 288 2037 tiam,
323 1956 484 2023 neminem
518 1978 593 2021 sane
626 1954 718 2042 fugit,
753 1954 808 2043 qui
842 1955 952 2045 primis
985 1960 1125 2023 tuntum·
1142 1955 1239 2022 labris
1266 1956 1407 2043 linguam
1430 1956 1521 2023 illam
1543 1963 1687 2037 veterum
1710 1956 1897 2026 Graecorum

201 2080 353 2169 attigerit.
400 2082 476 2147 Noa
504 2086 610 2147 tamen
639 2080 723 2148 iuter
749 2082 818 2149 hmo
844 2080 949 2147 solum
975 2080 1037 2147 duo
1060 2080 1218 2148 scribendi
1240 2105 1358 2169 genera
1379 2083 1448 2150 haeo
1471 2084 1655 2150 observatur
1677 2083 1896 2173 discrepantia,

199 2207 256 2274 sed
283 2204 318 2272 in
340 2205 466 2293 singulo
488 2229 612 2294 quoque
634 2228 691 2295 per
712 2229 746 2273 se
767 2229 883 2294 genere
904 2230 938 2273 se
960 2204 1151 2274 manifestat.
1198 2206 1235 2274 Si
1258 2207 1328 2294 quis
1350 2206 1436 2275 enim
1459 2207 1642 2296 diligentius
1663 2210 1759 2298 paulo
1781 2209 1898 2299 scripta

201 2337 365 2398 auctorum
396 2330 527 2397 diversis
553 2331 746 2420 temporibus
774 2330 949 2399 viventium
982 2331 1176 2421 perspexerit
1211 2354 1384 2420 eorumque
1415 2332 1498 2399 iuter
1530 2355 1564 2399 se
1592 2356 1711 2421 genera
1737 2333 1896 2402 scribendi

201 2455 379 2536 contulerit,
407 2455 437 2522 ei
464 2455 614 2545 perfacile
643 2456 816 2546 apparebit,
839 2480 987 2545 magnam
1008 2456 1159 2524 iuteresse
1181 2455 1392 2523 differentiam
1413 2455 1497 2524 inter
1519 2479 1582 2538 eos,
1607 2457 1663 2542 qui
1685 2457 1779 2546 primi
1802 2482 1898 2549 opera

199 2604 256 2647 sua
277 2581 378 2648 literis
400 2580 596 2661 mandarent,
620 2586 653 2648 et
674 2605 738 2662 eos,
764 2581 820 2668 qui
841 2580 881 2649 iis
904 2581 1046 2649 viverent
1060 2580 1296 2668 scriberentque
1310 2580 1514 2670 temporibus,
1531 2580 1646 2668 quibus
1661 2583 1788 2650 exculta
1802 2584 1897 2671 plane

198 2711 294 2793 atque
321 2706 361 2772 ad
387 2729 543 2773 summam
572 2705 708 2774 deducta
735 2712 803 2774 erat
828 2705 1053 2796 perfectionem
1075 2707 1144 2774 hoeo
1166 2705 1284 2794 lingna.
1331 2706 1446 2793 Neque
1467 2705 1502 2771 id
1523 2705 1650 2772 mirum.
1696 2705 1788 2774 Nihil
1811 2708 1896 2774 euim

197 2853 348 2918 umquam
370 2854 435 2897 uno
458 2831 633 2920 eodemque
655 2836 798 2921 ternpore
819 2831 994 2920 perfectum
1016 2829 1125 2911 evasit,
1150 2831 1206 2898 sed
1228 2855 1248 2897 a
1269 2855 1366 2921 parvo
1387 2829 1478 2897 initio
1500 2837 1610 2898 exortu
1629 2855 1679 2899 res
1697 2856 1896 2922 unaquaeque

196 2955 231 3021 in
265 2955 331 3024 dies
363 2956 465 3044 magis
497 2955 661 3044 magisque
695 2956 851 3024 excolitur
885 2962 979 3045 atque
1008 2961 1151 3043 augetur,
1181 2963 1251 3024 tum
1275 2954 1443 3023 variationi
1466 2962 1645 3045 temporum
1667 2956 1896 3045 hominumque

197 3081 348 3170 subjecta,
379 3081 514 3149 senescit
541 3089 636 3169 atque
664 3082 704 3148 ad
731 3081 895 3150 interitum
924 3081 1164 3171 appropinquat.
1212 3081 1306 3168 Quod
1333 3080 1462 3170 quidem
1490 3078 1524 3145 iu
1553 3081 1613 3146 hac
1636 3103 1763 3167 quoque
1784 3080 1896 3169 lingna

198 3206 304 3273 valere
326 3206 502 3296 putandum
525 3214 583 3274 est.
629 3208 714 3273 Nam
736 3206 818 3274 sicut
840 3206 938 3273 animi
960 3229 1126 3294 moresque
1147 3206 1396 3296 uniuscujusque
1420 3203 1531 3295 populi
1559 3228 1625 3271 non
1653 3204 1749 3272 iidem
1770 3230 1894 3295 semper

197 3336 336 3411 manent,
360 3331 416 3398 sed
438 3331 553 3398 iterum
576 3356 613 3398 ac
636 3331 750 3421 saepius
773 3335 1008 3399 commutantur
1030 3355 1066 3398 ao
1089 3331 1179 3418 quasi
1202 3331 1408 3419 corriguntur,
1432 3330 1478 3398 ita
1499 3329 1609 3397 formas
1624 3354 1750 3418 quoque
1765 3330 1891 3418 linguae,

197 3480 268 3544 qure
291 3455 432 3523 maxima
453 3479 492 3522 ex
514 3461 604 3545 parta
626 3480 667 3523 ex
688 3457 728 3523 iis
750 3455 889 3546 pendere
911 3457 1052 3544 putanda
1074 3462 1131 3536 est,
1155 3481 1219 3523 non
1234 3478 1358 3545 sempor
1373 3455 1548 3522 immutate
1563 3454 1737 3523 manserint
1750 3456 1806 3523 sed
1821 3480 1894 3523 cum

196 3580 414 3648 vicissitudine
436 3604 546 3648 eorum
569 3588 777 3667 congruentes
800 3580 931 3647 diversis
954 3580 1149 3670 temporibus
1170 3582 1265 3669 longe
1288 3580 1359 3647 aliae
1374 3578 1554 3647 exstiterint
1568 3603 1695 3647 neeesse
1709 3588 1765 3648 est.
1800 3582 1895 3649 Patet

196 3706 294 3794 igitur
324 3706 365 3772 ad
392 3705 536 3794 linguam
563 3705 689 3795 penitus
718 3706 966 3793 cognoscendam
988 3730 1052 3771 non
1074 3704 1220 3773 sufficere
1242 3730 1342 3772 unum
1364 3705 1416 3771 vel
1438 3705 1574 3772 alterum
1597 3704 1778 3792 cognovisse
1799 3704 1893 3795 scrip·

197 3836 308 3912 torem,
332 3832 389 3898 sed
410 3856 519 3899 omnes
541 3830 607 3897 lere
629 3831 858 3920 percensendos
880 3837 913 3898 et
935 3830 1186 3919 perscrutandos,
1211 3831 1238 3896 si
1260 3835 1404 3917 futurum
1426 3828 1478 3909 sit,
1502 3836 1538 3897 ut
1559 3829 1766 3917 intelligatur,
1790 3830 1893 3917 qualis

198 3955 295 4021 tuerit
319 3957 388 4023 hrec
417 3955 527 4044 lingua
552 3978 745 4041 unaquaque
773 3961 866 4023 aetate
895 3978 1022 4043 quaque
1049 3955 1172 4023 ratione
1194 3962 1351 4023 mutatum
1374 3954 1416 4021 sit
1436 3977 1537 4042 genus
1559 3953 1718 4021 scribendi
1739 3954 1891 4043 ejusdem.

198 4080 272 4166 Qua
293 4079 328 4146 in
350 4104 384 4147 re
406 4104 505 4167 quum
526 4080 668 4147 riderem
690 4078 878 4147 nostratium
901 4081 1018 4147 multos
1040 4104 1155 4169 eosque
1171 4080 1254 4148 viros
1270 4078 1466 4147 doctissimos
1481 4077 1739 4166 acutismmosque
1753 4079 1893 4168 singulas

197 4210 304 4294 partes
326 4204 466 4292 syntaxis
488 4204 606 4292 linguae
629 4204 753 4272 Graecae
775 4204 989 4294 percensuisse
1012 4210 1107 4292 atque
1121 4205 1305 4287 illustrasse,
1322 4204 1481 4271 neminem
1496 4208 1651 4293 quantum
1665 4204 1778 4271 scirem
1793 4210 1893 4271 totam

197 4355 265 4397 rem
298 4329 505 4417 syntecticam
538 4330 674 4398 auctoris
709 4330 873 4420 cujusdam
906 4329 1076 4420 separatim
1109 4338 1268 4411 tractasse,
1296 4331 1365 4396 haec
1393 4329 1463 4418 ipsc
1491 4354 1541 4396 res
1570 4354 1621 4397 me
1652 4328 1825 4409 admonuit,
1857 4335 1894 4397 ut

197 4453 347 4543 syntaxin
376 4453 597 4522 Andocideam
623 4462 779 4543 quantum
806 4455 875 4522 fieri
901 4464 1008 4545 posset
1033 4456 1254 4524 adumbrarem
1286 4460 1381 4544 atque
1407 4453 1627 4549 illustrarem,
1645 4455 1729 4542 quod
1758 4453 1891 4522 institui.

138 4610 141 4615 >
197 4580 242 4647 Et
264 4604 363 4667 quum
384 4578 606 4668 intelligerem,
629 4581 711 4648 hano
733 4605 801 4647 rem
824 4579 1044 4648 difficillimam
1068 4605 1135 4648 esse
1157 4582 1321 4670 multoque
1343 4581 1479 4669 majores
1502 4579 1680 4647 desiderare
1702 4577 1783 4646 vires
1798 4603 1893 4666 quam

198 4730 268 4793 qum
291 4704 372 4771 mihi
394 4712 508 4785 essent,
542 4728 620 4793 opus
647 4711 752 4772 tamen
774 4705 908 4795 suscepi,
935 4730 1074 4795 sperans,
1102 4706 1179 4786 fore,
1208 4711 1245 4773 ut
1271 4704 1392 4794 aliquid
1419 4704 1514 4772 affare
1541 4727 1664 4793 possem
1687 4703 1828 4792 dignum,
1853 4704 1893 4770 ad

200 4829 283 4915 quod
306 4830 547 4898 adverterentur
569 4829 667 4896 animi
689 4828 856 4897 hominum
879 4831 1052 4899 doctorum.

339 4957 384 5022 Ut
406 4957 502 5044 vulgo
525 4960 658 5035 constat,
682 4954 867 5023 Andocides
888 4955 922 5022 in
945 4955 1054 5023 decem
1076 4956 1150 5022 illos
1173 4961 1310 5023 oraturos
1325 4955 1452 5023 Atticos
1466 4954 1700 5035 adnumeratur,
1717 4953 1801 5021 iuter
1815 4977 1893 5041 quos

198 5083 305 5146 tamen
332 5080 436 5147 locum
465 5106 529 5148 nun
552 5088 684 5173 occupat
706 5080 862 5149 illustrem
886 5104 987 5171 neque
1010 5080 1044 5148 in
1067 5080 1309 5171 perfectissimos
1332 5089 1427 5167 atque
1449 5079 1665 5169 sagacissimos
1688 5078 1796 5171 quales
1818 5086 1893 5147 sunt
