4480 5940
1782 440 1823 503 13

159 552 286 692 ηγσῦιγιοι
319 601 479 689 σωτηρίαν,
502 596 566 664 ibd.
592 602 622 676 6,
650 599 700 662 16.
734 595 853 665 XXV:
880 598 921 662 15
951 593 1030 661 alios
1058 595 1154 675 locos,
1179 597 1267 662 Xon.
1290 596 1380 663 Hell.
1405 596 1486 665 VH:
1514 600 1543 677 1,
1568 600 1635 680 44.)
1680 596 1733 663 De
1756 595 1869 664 discre-
1959 684 1964 695 ι

159 724 270 817 pentie
290 723 456 810 utriusque
478 719 647 790 locutionis
671 718 743 786 vide
765 717 990 787 Kuhnerum.¹
1035 722 1119 787 Item
1142 744 1316 809 pronomen
1338 720 1507 788 relativum
1530 720 1572 787 ed
1590 744 1708 787 nomen
1723 720 1869 789 feminini

161 850 284 939 generis
311 847 517 929 16161661,16
544 851 658 914 neutro
683 868 800 932 genere
823 843 1030 913 construitur:
1055 846 1086 914 I:
1114 849 1155 911 10
1179 850 1375 935 πρῶτονμὲν
1398 851 1466 936 περὶ
1488 848 1584 937 αὐτῆς
1605 854 1658 936 τῆς
1678 848 1775 926 clrior
1795 846 1868 914 όθνν

161 1002 218 1066 περ
241 980 261 1066 ἡ
283 977 404 1053 ἔνδειξις
424 976 553 1059 ἐγένετο,
576 974 678 1061 διόπερ
702 973 746 1049 εἰς
766 974 817 1038 τόν
841 974 946 1057 ἀγῶνα
969 972 1055 1038 τόνδε
1078 973 1230 1060 κατέστην.

301 1098 506 1167 Attributunr
540 1097 580 1165 ed
615 1096 780 1185 complure
814 1095 950 1162 relatum
983 1094 1182 1162 substantive
1209 1119 1308 1182 quum
1336 1096 1406 1162 loco
1435 1101 1505 1162 tum
1524 1104 1661 1163 'numero
1684 1095 1798 1177 veriet;
1824 1095 1870 1162 116

160 1226 267 1301 loeurn
296 1226 395 1292 hebet
427 1231 495 1291 tum
529 1229 604 1290 ente
632 1219 838 1301 substantive,
868 1229 938 1287 tum
966 1218 1078 1287 iisdem
1107 1219 1316 1309 postponitur,
1346 1227 1415 1287 tum
1442 1220 1476 1286 in
1499 1220 1654 1310 singulari
1677 1220 1870 1289 construitur

162 1374 296 1417 numero
318 1356 398 1430 tum,
422 1347 456 1414 in
479 1347 605 1437 plursli.
623 1346 634 1380 ¹
678 1346 838 1434 Exemplo
859 1346 928 1414 11166
951 1346 1096 1413 efferam:
1121 1346 1189 1413 III:
1216 1349 1267 1426 17,
1293 1347 1457 1435 Σκέόοσθε
1477 1350 1512 1413 δὲ
1527 1349 1554 1414 ὦ
1571 1348 1713 1437 Αθηναῖοι
1728 1352 1775 1415 καὶ
1790 1350 1869 1424 τόδε,

161 1479 205 1543 ότι
227 1479 290 1549 νυνὶ
312 1482 382 1542 πᾶσι
409 1481 470 1553 τοῖς
485 1470 602 1564 Ἕλλησι
624 1476 722 1562 κοινὴν
744 1474 866 1562 εζοηνην
888 1476 936 1538 καὶ
958 1473 1137 1561 ἐλευθερίαν
1160 1477 1304 1561 πράττετε
1309 1503 1320 1554 ,·
1342 1471 1390 1539 Π;
1417 1475 1446 1551 8,
1471 1474 1685 1563 όνορνήσθητε
1707 1476 1741 1539 δὲ
1764 1477 1796 1541 ἐν
1811 1475 1869 1562 οἵῳ

163 1602 287 1688 κινδύνῳ
310 1624 341 1666 τε
363 1603 412 1665 καί
434 1600 587 1689 ἀμηχανίᾳ
610 1598 777 1663 καθέστατε
783 1626 793 1676 ,·
815 1596 843 1661 Ι;
870 1598 922 1676 65,
947 1599 1154 1689 ἐξελέγχοντες
1174 1600 1208 1665 δὲ
1231 1601 1264 1664 τὸ
1288 1605 1410 1686 πρᾶγμα
1433 1626 1452 1687 η
1473 1623 1504 1664 τε
1516 1600 1615 1688 βουλὴ
1630 1603 1678 1665 καὶ
1693 1602 1721 1664 οί
1737 1600 1869 1689 ζητηταί,

119 1797 123 1805 ,
163 1725 198 1791 16
230 1748 292 1812 quo
325 1724 472 1813 exemplo
507 1721 697 1791 attributum
726 1724 934 1811 ἐξελέγχοντες
959 1719 1057 1808 priori
1084 1722 1297 1810 antepositum
1320 1722 1517 1790 substantivo
1540 1721 1574 1789 in
1597 1722 1714 1812 plurali
1736 1747 1869 1791 numero

164 1849 356 1918 construitur
389 1873 493 1935 neque
526 1855 562 1915 ut
595 1869 690 1935 supra
724 1843 862 1921 vidimus
895 1844 993 1934 priori
1020 1845 1197 1934 subjicitur,
1221 1845 1317 1934 idque
1340 1869 1411 1914 6661
1434 1849 1474 1915 ob
1497 1872 1624 1915 66116661
1647 1847 1733 1936 qnod
1753 1848 1806 1915 hic
1829 1849 1870 1917 de

162 1974 304 2065 personis
332 1972 452 2061 egitnr3
481 1971 514 2036 1:
540 1975 560 2037 6
584 1973 645 2057 ἐγὼ
673 1973 708 2039 δὲ
732 1974 810 2058 μετὰ
834 1973 923 2050 δέους
943 1975 991 2037 καὶ
1013 1973 1145 2038 κινδύνου
1167 1976 1215 2038 καὶ
1236 1974 1379 2063 διαβολῆς
1399 1979 1453 2063 τῆς
1468 1975 1611 2064 μεγίστης
1632 1976 1684 2064 την
1707 1975 1870 2060 ἀπολογίαν

163 2107 308 2189 ποιοῦμαι,
330 2096 387 2165 ubi
409 2094 524 2163 ultimo
546 2094 744 2165 substentiro
767 2094 936 2183 subjicitur
958 2094 1176 2164 attributum.²

306 2218 479 2311 Appositic
501 2244 558 2310 per
580 2220 814 2288 substantivum
836 2219 960 2287 reddite
981 2227 1015 2291 et
1037 2220 1078 2287 ed
1100 2224 1201 2288 totum
1223 2223 1324 2291 relato
1345 2222 1598 2290 enuntiationem
1619 2223 1654 2290 in
1676 2223 1869 2292 Accusative

163 2373 239 2416 6666
267 2347 409 2436 ponitur:
433 2345 501 2413 HI:
527 2351 579 2426 31,
608 2348 785 2436 ύστερονδ
815 2347 863 2414 ὑπ’
891 2347 1026 2436 Ἀργείων
1049 2348 1238 2437 ἐπείσθημεν,
1262 2387 1304 2397 -
1328 2387 1371 2417 -.-
1395 2352 1575 2429 πλεόσοντες
1595 2353 1643 2418 ἐπὶ
1662 2354 1715 2440 τὴν
1742 2351 1869 2418 Λακωνι-

165 2477 218 2563 κὴν
252 2475 374 2563 εἰρήνης
406 2475 473 2561 ἡμῖν
506 2472 611 2562 οὔσης
633 2476 709 2562 πρός
741 2474 994 2560 Λακεδαιμονίους
1024 2476 1155 2541 ἐκκαλεῖν
1178 2476 1278 2541 αὐτῶν
1302 2478 1353 2541 τὸν
1375 2475 1480 2562 θορόν,
1503 2478 1601 2566 ἀρχὴν
1624 2478 1742 2542 πολλῶν
1764 2483 1870 2547 κακῶν.

97 2668 103 2678 ,
165 2620 259 2686 quem
281 2620 389 2664 666616
411 2595 536 2686 scripsit
559 2600 678 2677 666161,
702 2603 739 2664 ut
761 2596 963 2684 significaret,
988 2622 1059 2685 quae
1083 2608 1122 2665 er'r
1144 2596 1194 2679 iis,
1212 2622 1282 2686 qnae
1297 2605 1500 2688 6661661661
1515 2599 1621 2680 611616,
1638 2601 1870 2686 sequerentur.⁸

162 2723 248 2789 Item
269 2721 417 2790 formulre
439 2721 528 2789 illius
551 2722 705 2808 loquendi
728 2725 811 2791 δυοῖν
833 2722 984 2813 θάτερον*
1008 2722 1163 2812 oppositio
1185 2724 1327 2813 puteuds
1350 2731 1399 2791 est
1421 2724 1607 2805 enuntiatio,
1624 2749 1695 2812 quse
1711 2725 1867 2814 sequitur:

164 2975 252 3058 γείιον
275 2975 516 3062 Αακεδαηιονίόις
535 2976 594 3047 κτλ,
618 2973 646 3039 I:
671 2976 712 3040 67
737 2973 834 3062 paule
857 2978 992 3041 mutate:
1018 2977 1046 3041 εί
1063 2977 1121 3063 ρὲν
1144 2977 1203 3064 γὰρ
1224 2976 1261 3065 ἦν
1280 2978 1362 3042 δυοίν
1379 2978 1412 3042 τό
1428 2978 1533 3064 ἕτερον
1548 2975 1671 3044 ἑλέσθαι
1686 2976 1705 3067 ἢ
1722 2979 1873 3067 οίχσηοῶς

163 3100 308 3187 σωθῆναι.
358 3096 425 3164 Ofr.
455 3098 510 3164 II:
541 3101 616 3164 761
638 3098 711 3164 ΙΠ;
741 3102 793 3165 26.
845 3098 961 3186 Neque
995 3098 1111 3166 desunt
1143 3100 1290 3187 exempla
1323 3098 1529 3190 appositionis
1560 3098 1739 3190 partitivee⁶
1774 3124 1869 3189 quern

165 3228 293 3289 vocent:
318 3222 385 3287 III:
412 3226 452 3288 12
490 3226 538 3289 rol
567 3226 736 3313 φεύγοντας
761 3207 895 3313 νύνρὲν
925 3227 980 3291 ούκ
1005 3229 1169 3310 ἐπάναγκες
1194 3226 1305 3292 οὐδένα
1339 3227 1558 3315 καταδέχεσθαι
1589 3250 1646 3314 pro
1679 3230 1870 3316 φιυγιίντινν,·

307 3364 349 3430 Ι6
376 3388 436 3430 usu
464 3364 671 3453 appositionis
697 3366 923 3433 Pleonosmum
953 3365 1008 3453 qui
1035 3366 1153 3434 dicitur
1179 3366 1427 3434 observavimus:
1458 3367 1506 3432 II:
1533 3370 1583 3448 19,
1609 3372 1645 3435 τδι
1668 3371 1703 3435 δὲ
1721 3372 1872 3457 γιέλλοντιί

165 3517 197 3557 τε
224 3495 273 3557 τιυὶ
303 3491 363 3580 ἤδη
391 3492 578 3579 πραττόμενα
608 3492 718 3580 ἄνδρες
743 3495 826 3580 ὑγιῶν
854 3496 1034 3561 πεντακόσιοι
1061 3496 1094 3560 ἐν
1121 3496 1288 3583 ἀπορρήτῳ
1316 3492 1419 3569 ἴσασιν,
1442 3495 1588 3583 ν’γβουλη,
1610 3492 1666 3559 nbi
1689 3466 1761 3560 1611ἱ
1770 3496 1869 3585 βουλή
1910 3492 1915 3503 ’

164 3615 278 3682 melius
301 3616 410 3682 abesse
432 3620 545 3704 potest.

307 3738 421 3808 Genus
452 3738 535 3806 illud
569 3740 737 3822 scribendi,
772 3765 843 3829 que
877 3741 1037 3831 Ellipsis⁸
1081 3739 1221 3823 vocetur,
1257 3742 1297 3809 eb
1331 3765 1391 3809 usu
1425 3741 1603 3809 Andocidie
1635 3742 1775 3809 alienum
1803 3766 1868 3809 non
1965 3810 1968 3815 .

165 3865 272 3944 fuisse,
301 3866 369 3932 hurc
397 3865 566 3933 ostendent
588 3867 748 3955 exemplo:
779 3867 807 3932 I:
834 3872 885 3948 77,
910 3870 1104 3959 ψηφίσασθαι
1127 3873 1178 3936 τόν
1201 3871 1295 3957 δῆμον
1318 3870 1411 3935 ταύτὰ
1434 3871 1511 3957 ἅπερ
1536 3871 1587 3935 ὅτε
1610 3868 1646 3958 ἦν
1669 3872 1706 3935 τὰ
1731 3872 1847 3959 Μηδικά
1858 3869 1869 3902 '

168 3988 372 4071 (subauditur
393 3994 576 4080 πράγματα),
605 3992 633 4057 I:
661 3995 734 4072 144,
759 3995 860 4060 εἰδότα
888 3996 923 4060 δὲ
950 3997 1013 4060 οἷόν
1036 3997 1097 4061 ἐστι
1119 3997 1206 4071 ξένον
1228 3994 1302 4060 τίνοι
1325 3997 1372 4059 καὶ
1390 3996 1527 4080 γιέτοικον
1549 3994 1582 4059 ἐν
1605 4018 1641 4083 τη
1665 4000 1724 4059 τῶν
1747 3996 1869 4084 πλησίον

164 4113 354 4180 subauditur
382 4117 508 4200 πόλεων)
536 4116 613 4197 6]16;
643 4142 707 4185 666
737 4116 852 4185 desunt
880 4126 987 4186 161666
1016 4118 1089 4199 loci,
1120 4117 1175 4186 ubi
1201 4117 1241 4187 in
1267 4116 1380 4184 iisdem
1403 4116 1469 4183 fere
1493 4116 1654 4185 vocabulis
1677 4117 1781 4207 ellipsi
1804 4142 1869 4186 non
2005 4152 2011 4161 ·

164 4262 242 4306 usus
276 4246 334 4319 est,
370 4239 457 4306 velut
490 4241 517 4305 I:
546 4245 618 4321 140,
655 4245 733 4310 τοῦτ’
766 4246 888 4323 είκότιος
914 4246 972 4335 ἤδη
1004 4247 1088 4311 δοκεῖ
1111 4247 1232 4334 ἀνδρῶν
1254 4246 1381 4329 ἀγαθῶν
1404 4248 1452 4311 καὶ
1473 4247 1644 4334 σωφρόνων
1667 4244 1757 4334 ἔργον
1779 4246 1869 4328 elram

163 4365 213 4431 H:
242 4367 270 4443 l,
295 4366 463 4431 δεινότατον
485 4369 625 4434 ἁπάντων
643 4374 810 4458 γρηγιιίτιον
838 4373 982 4458 ηγούγιαιγ
1008 4369 1055 4434 II:
1083 4374 1134 4446 16,
1158 4370 1223 4435 ἀλλ’
1245 4373 1328 4458 όρως
1348 4374 1397 4436 καὶ
1419 4372 1453 4437 ἐκ
1475 4373 1588 4439 τούτων
1611 4373 1750 4439 τοιούτων
1774 4372 1868 4440 όντων

311 4595 346 4664 ¹5
365 4597 426 4658 369,
445 4597 469 4650 2.

308 4685 398 4742 'Vide
416 4687 524 4741 11011661
541 4689 557 4755 ὅ
574 4687 627 4743 370
645 4692 672 4743 61
690 4694 779 4744 611661.
798 4692 823 4744 3.

309 4773 397 4831 'Vide
415 4775 557 4844 1161111616
575 4778 636 4843 406,
655 4781 679 4832 6.

309 4864 384 4920 ‘eu
404 4865 616 4934 1161166194θῦ
634 4871 725 4924 66661.
746 4870 786 4923 10.

308 4953 396 5009 ‘Vide
412 4955 522 5011 11611661
539 4958 556 5025 g
572 4958 634 5022 406,
652 4959 676 5013 7.

309 5040 383 5098 'cn
401 5045 511 5099 Kilhuer
527 5046 544 5114 6
561 5047 621 5101 403.

311 5132 318 5162 ¹
338 5102 391 5187 66.
410 5135 610 5204 6616461,
629 5141 658 5203 a)
676 5140 699 5193 1.
