4480 5940
1799 428 1841 495 27

176 592 237 654 καῖ
260 590 386 673 δγαδαῖς
405 591 454 653 καῖ
474 587 596 664 δικαίαις
616 590 683 674 περὶ
706 590 739 652 τὸ
763 586 878 675 πλῆθος
898 590 931 653 τὸ
945 588 1098 675 ’ὑμέτερον
1112 589 1173 665 1τῶ
1198 586 1312 667 11:25,
1333 590 1376 654 ὧν
1391 593 1439 654 1‘1?
1454 591 1541 656 ἕνεκα
1556 593 1634 670 2?de
1646 592 1729 679 ὑμᾶς,
1746 595 1800 658 ἐὰν
1810 619 1885 683 W·

179 715 316 797 στδςιῖιν
337 716 414 802 δνὴμ
435 715 481 790 εἷς
500 714 578 798 ὑμᾶς
598 712 749 799 φαίνωμαι
770 714 828 777 κτλ»

325 837 396 905 Sub
429 839 529 903 finem
560 836 658 925 hujus
691 835 732 903 de
765 834 920 924 adjectivo
954 834 1177 924 disputationis
1209 837 1390 926 exemplum
1424 838 1592 905 afferamus
1615 838 1777 927 praedicati
1799 841 1885 926 quod

126 911 133 926 ·
176 962 298 1067 dicitnr
320 960 516 1051 proleptici¹
539 961 607 1027 III:
633 964 663 1040 7,
692 962 768 1051 αὕτη
796 964 855 1050 γὰμ
881 965 901 1051 η
929 963 1034 1051 εἰρήνη
1061 965 1111 1028 τὸν
1134 965 1228 1051 δῆμον
1251 970 1310 1029 τῶν
1333 964 1492 1052 ἶδδηναῖιαν
1514 967 1629 1054 ὑψηλὸν
1652 965 1710 1054 ἧμε
1731 968 1779 1030 καὶ
1801 967 1882 1032 κατέ-

172 1113 288 1178 στησεν
311 1090 441 1178 telepte
464 1088 559 1165 οὕτως
579 1088 658 1153 ὥστε
681 1093 801 1174 ποῶταν
819 1089 876 1179 μὲν
899 1088 932 1159 ἐν
954 1087 1067 1171 τούτοις
1087 1093 1148 1172 ταῖς
1168 1087 1262 1159 ἔτεσιν
1284 1089 1405 1182 εῖμηνην
1427 1091 1570 1180 λαβόντες
1590 1092 1791 1184 ἀνηνέγκαμεν
1801 1092 1883 1185 giba

173 1216 324 1283 τάλαντα·
337 1215 385 1295 εἰς
405 1214 460 1304 τὴν
474 1213 628 1305 subducta
650 1213 708 1283 κτλ.

736 1543 807 1647 De
844 1575 935 1644 usu
971 1543 1338 1676 pronominum.

322 1788 520 1856 Pronomiua
546 1760 733 1877 personalia
751 1794 819 1854 tum
851 1793 975 1855 tantum
1002 1791 1125 1855 constat
1154 1787 1271 1876 scripta
1292 1786 1438 1867 inveniri,
1467 1811 1564 1875 quum
1588 1793 1644 1855 aut
1665 1786 1713 1855 vis
1736 1787 1882 1874 quaedam

182 1914 222 1985 iis
242 1914 370 1981 additur
393 1911 564 2001 singularis
587 1918 643 1978 aut
665 1910 737 1979 aliis
760 1918 962 2001 opponuntur
983 1911 1181 1993 vocabulis,¹
1205 1912 1290 1999 quod
1314 1911 1443 1998 quidem
1466 1910 1624 1979 scribendi
1641 1894 1742 2000 genua
1756 1919 1881 1980 secutus

177 2046 228 2109 est
250 2038 439 2106 Andocides
461 2036 572 2104 multis
593 2037 671 2104 locis
694 2037 783 2105 velut
805 2039 833 2104 I:
858 2040 889 2118 4,
913 2041 944 2119 5,
970 2041 1021 2119 17,
1048 2041 1098 2119 19,
1123 2040 1176 2119 22,
1201 2041 1254 2118 23,
1278 2041 1331 2118 26,
1356 2041 1408 2118 50,
1433 2040 1486 2118 58,
1513 2039 1585 2117 109,
1608 2036 1643 2103 in
1659 2060 1722 2125 quo
1737 2037 1880 2129 proximo

173 2164 330 2232 additum
353 2170 402 2230 est
422 2186 595 2253 pronomen
619 2164 715 2242 αὐτός,
738 2161 818 2228 aliis.
865 2163 906 2229 In
929 2186 993 2229 uuo
1015 2167 1122 2229 tamen
1144 2163 1214 2228 loco
1237 2162 1302 2228 tale
1323 2185 1498 2251 pronomen
1522 2160 1628 2228 omisit
1649 2164 1677 2229 1:
1702 2166 1754 2243 32,
1778 2166 1806 2230 al
1824 2167 1881 2253 μέν

177 2316 208 2357 τι
232 2290 368 2379 ἠσέβηκα
390 2289 409 2378 ἢ
432 2283 650 2378 ὡμολόγηκαῆ
674 2290 808 2376 ἐμήνυσα
830 2293 906 2355 κατά
927 2314 1004 2367 τινας
1024 2289 1196 2377 ἀνθρώπων
1220 2288 1239 2377 ἢ
1263 2288 1353 2367 ἄλλος
1374 2312 1414 2366 τις
1434 2292 1503 2377 περὶ
1525 2290 1606 2375 ἐμοῦ,
1629 2289 1820 2354 ἀποκτείνατέ
1830 2314 1880 2377 με,

180 2412 243 2480 ubi
270 2412 377 2479 deesse
400 2418 551 2502 putamus
578 2435 755 2501 pronomen
782 2415 853 2497 ἐγώ,
880 2412 966 2501 qnod
992 2411 1247 2479 subaudiendum
1273 2411 1651 2502 est,proesertin1qunm
1676 2412 1737 2480 hoc
1764 2411 1879 2479 omisso

93 2584 99 2591 -
181 2538 308 2607 nullum
334 2536 517 2605 inveniatur
546 2537 746 2618 vocabulum,
775 2537 860 2625 quod
886 2537 926 2603 ad
959 2537 1113 2605 vocabula
1140 2537 1231 2617 ἄλλος
1251 2563 1292 2617 τις
1312 2537 1513 2627 respondeat;
1538 2560 1602 2623 qua
1623 2536 1658 2603 in
1680 2561 1714 2603 re
1736 2536 1879 2604 conferas

176 2661 279 2730 velim
305 2686 344 2729 ea
371 2686 444 2750 quae
472 2662 622 2748 leguntur
647 2662 675 2728 I:
711 2666 762 2744 17,
797 2666 872 2730 ὁδὲ
899 2664 1003 2743 πείσας
1028 2667 1076 2730 καῖ
1103 2665 1243 2751 δεόμενος
1262 2668 1362 2751 μεῖναι
1389 2666 1440 2729 τὸν
1463 2664 1579 2751 πατέρα
1602 2663 1663 2749 ἐγὼ
1686 2663 1724 2753 ην
1741 2665 1878 2751 μάλιστα,

178 2790 251 2856 εἶτα
272 2789 307 2855 δὲ
329 2790 377 2852 καῖ
398 2790 427 2853 σῖ
450 2787 535 2854 ἄλλοι
556 2794 709 2874 αιγγενεῖς.

327 2909 391 2977 Ubi
419 2934 439 2977 a
466 2910 586 2978 duobus
612 2911 716 2979 verbis
739 2910 945 2979 dissimilibus
966 2911 1084 3001 pendet
1106 2934 1222 2978 nomon
1245 2910 1296 2978 vel
1317 2934 1491 3000 pronomen
1513 2911 1608 2995 idem,
1632 2911 1730 2977 semel
1753 2914 1878 2979 tanturn

177 3034 312 3103 omnino
339 3034 508 3125 exponitur
536 3036 632 3126 hujus
653 3036 741 3103 modi
763 3036 962 3117 vocabulum,
987 3036 1028 3102 ad
1050 3036 1182 3102 verbum
1203 3036 1332 3134 propius
1354 3036 1500 3118 relatum,
1523 3034 1599 3103 licet
1621 3060 1694 3103 cum
1716 3059 1791 3104 casu
1813 3060 1876 3102 non

179 3159 294 3226 codem
316 3161 548 3251 conjungantur
570 3161 638 3228 haec
661 3161 794 3243 verba,⁸
817 3187 881 3250 quo
903 3160 1064 3250 pertinent
1086 3161 1231 3251 exempla
1253 3159 1281 3228 I:
1308 3165 1381 3241 134,
1405 3162 1467 3231 IV:
1494 3165 1533 3229 17
1550 3160 1623 3242 alia,
1640 3160 1708 3245 (cfr.
1725 3168 1878 3251 praeterea

180 3283 330 3372 Thucyd.
357 3284 386 3352 I:
410 3289 463 3367 20,
487 3289 537 3371 3);
566 3286 665 3353 semel
687 3293 794 3354 tamen
817 3310 991 3375 pronomen
1012 3287 1177 3376 personale
1199 3285 1350 3353 iteratum
1364 3285 1570 3355 invenimus⁴
1604 3286 1670 3353 IH:
1698 3289 1749 3367 ll,
1772 3289 1876 3376 ὥσπερ

174 3413 267 3499 ἡμῶν
288 3413 493 3500 ηαατησαντες
512 3413 732 3500 Λακεδαμόνιαι
754 3425 801 3503 τῷ
821 3416 942 3502 πολέμῳ
961 3414 1107 3489 ἐπέταξαν
1130 3417 1197 3502 ημῖν
1219 3417 1267 3479 καὶ
1290 3414 1359 3499 (τὰ)
1382 3414 1463 3503 τείχη
1486 3414 1639 3502 καδαῳεῖν
1661 3417 1710 3478 καὶ
1732 3415 1786 3492 τὰς
1807 3418 1878 3494 ναῦς

175 3535 379 3623 παραδιδόναι
400 3540 449 3602 καὶ
471 3537 538 3616 τοὺς
556 3539 724 3626 φεύγοντας
744 3539 974 3628 καταδέχεσδας
1000 3536 1086 3622 quod
1108 3536 1209 3603 rarius
1231 3536 1301 3603 fieri
1323 3542 1480 3626 putamus.

319 3660 361 3726 In
385 3683 446 3726 usu
468 3662 692 3750 pronominum
714 3662 935 3730 reflexivorum
957 3686 1029 3749 quae
1052 3668 1166 3728 vocant
1188 3660 1397 3729 Grammatici
1418 3661 1635 3728 directorum³
1657 3660 1678 3728 i.
1702 3684 1729 3726 e.
1747 3684 1817 3748 quae
1834 3661 1874 3727 ad

175 3783 355 3871 subjectum
382 3784 613 3853 enuntiationis
642 3786 784 3876 ejusdem
812 3793 965 3876 spectent,
994 3785 1128 3853 variatio
1156 3786 1303 3874 qnaedam
1331 3786 1365 3852 in
1388 3785 1464 3876 ipsis
1493 3784 1638 3852 formulis
1667 3785 1783 3851 horum
1805 3810 1873 3875 pro·

176 3905 344 3974 nominum
365 3909 468 3978 tertiae
490 3935 634 4000 personae
658 3911 913 4000 deprehenditur.
959 3912 1095 3978 Perraro
1118 3910 1204 3978 enim
1226 3911 1410 3978 Andocides
1432 3910 1577 3977 formulis
1599 3908 1664 3976 illis
1679 3909 1875 4000 simplicibus

176 4054 258 4098 usus
288 4038 344 4113 est,
373 4034 544 4125 saepissime
566 4040 673 4103 autem
696 4035 838 4125 duplices
861 4035 1015 4104 adhibuit.
1061 4035 1228 4126 Exemplis
1251 4060 1318 4103 rem
1339 4036 1507 4103 illustrabo
1530 4039 1563 4102 et
1584 4035 1723 4125 primum
1745 4034 1873 4102 afferam

175 4157 278 4237 locos,
301 4156 335 4223 in
358 4159 470 4246 quibus
492 4159 690 4250 simplicibus
713 4185 789 4229 usus
811 4166 859 4229 est
882 4160 991 4228 formis
1014 4162 1043 4228 I:
1068 4164 1097 4241 3,
1122 4164 1242 4241 εἰκότως
1262 4162 1290 4228 δ’
1313 4162 1359 4239 ἄν,
1382 4162 1408 4229 ὦ
1432 4162 1547 4252 ἄνδρες,
1571 4165 1624 4252 τὴν
1646 4162 1740 4252 αὐτὴν
1756 4165 1874 4251 γνώμην

170 4283 277 4374 ἔχοιτε
304 4288 371 4373 περὶ
397 4292 456 4353 τῶν
485 4287 652 4355 ἐθελοντῶν
680 4290 723 4367 εἷς
748 4289 817 4366 τοὺς
842 4290 990 4367 κινδύνους
1015 4287 1244 4375 καθισταμένων,
1268 4292 1361 4377 ἥνπερ
1385 4288 1470 4354 αὐτοὶ
1492 4291 1560 4376 περὶ
1582 4288 1681 4353 αὑτῶν
1703 4286 1819 4376 ἔχουσιν
1841 4290 1873 4352 et

169 4406 274 4497 paulo
302 4407 432 4477 inferius
459 4413 494 4478 in
523 4411 634 4479 eadem
656 4410 811 4480 sectione:
842 4415 945 4480 ὁπόσοι
967 4415 1001 4480 δὲ
1023 4414 1228 4491 ιπστεύσαντες
1244 4415 1339 4503 μηδὲν
1363 4414 1470 4479 ἀδικεῖν
1493 4414 1657 4501 ὑπέμειναν,
1680 4413 1785 4478 δίκαιοί
1805 4414 1872 4478 ἐστι

169 4536 224 4600 καῖ
254 4536 338 4620 ὑμεῖς
364 4540 431 4625 περὶ
458 4539 571 4605 τούτων
603 4540 739 4629 τοιαύτην
768 4537 845 4629 ἔχειν
868 4541 921 4627 τὴν
944 4542 1062 4629 γνώμην
1083 4539 1150 4604 οἵαν
1172 4563 1228 4628 περ
1251 4542 1300 4604 καὶ
1322 4540 1406 4604 αὐτοὶ
1429 4542 1497 4626 περὶ
1519 4540 1618 4604 αὐτῶν
1640 4536 1741 4627 iulos,
1766 4534 1814 4602 II:
1839 4538 1870 4617 4,

322 4764 401 4821 'otc
419 4767 508 4822 Kubn.
526 4767 542 4834 θ
560 4768 620 4833 405,
639 4769 663 4823 3.
699 4766 774 4823 cart.
793 4768 887 4835 5361,
906 4768 1032 4824 8annct.
1067 4770 1150 4838 Krtg.
1170 4768 1186 4836 ἕ
1204 4770 1246 4835 57,
1265 4771 1290 4823 4.

318 4852 633 4924 ’71οιΚο1ιαὲ450
654 4858 677 4912 1.
713 4858 891 4928 1009051,
913 4859 926 4913 1
946 4861 1081 4913 atannot.
1100 4857 1126 4912 4.
1163 4856 1349 4927 urnales.

320 4940 402 5001 ⁸0fr.
419 4946 502 5015 mog.
520 4946 536 5014 ἕ
553 4946 597 5012 00,
616 4949 632 5001 5
650 4950 741 5003 annot.
759 4948 784 5001 2.

319 5030 401 5087 ‘cfr
419 5034 507 5089 Knhn
526 5036 542 5103 9
558 5036 619 5101 409,
637 5039 662 5091 4.

322 5120 333 5149 ’
350 5120 404 5181 cfr.
422 5123 623 5198 Kennateis.
659 5124 812 5184 0109471,
848 5125 968 5183 boisum
986 5127 1001 5199 §
1020 5126 1062 5190 73,
1093 5125 1143 5183 111:
1165 5127 1187 5181 1:
