4480 5940
381 361 401 423 4

336 517 460 605 Lysias,
495 518 727 584 Demosthenes
760 522 808 583 est
842 516 1058 597 referendus,¹
1093 517 1149 583 sed
1183 541 1231 582 ex.
1257 514 1380 603 judicio
1410 514 1548 581 virorum
1578 513 1830 580 doctissimorum
1857 513 1891 577 in
1919 513 2032 579 ultimo

336 642 501 732 ponendus
523 650 571 710 est
593 644 661 709 loco
685 648 718 708 et
739 666 758 708 a
780 640 896 708 criticis
919 640 1082 728 antiquis'
1106 641 1184 707 adeo
1200 640 1452 730 reprehenditur,
1469 645 1505 707 ut
1515 640 1587 728 jure
1602 638 1735 719 mireris,
1753 663 1826 705 eum
1840 636 1874 703 in
1890 638 2032 704 ordinem

337 769 450 834 horum
473 790 541 834 esse
562 773 731 856 receptum.
779 768 831 833 Ita
853 768 887 832 in
909 765 1067 833 scribendi
1089 789 1213 852 genere,
1238 789 1429 853 quamquam
1452 788 1524 830 cnm
1544 763 1738 853 principibus
1754 762 1843 851 quasi
1858 762 1923 829 illis
1937 763 2033 852 hujus

336 891 464 980 linguar,
493 894 601 980 quales
627 897 702 959 sunt
730 897 879 971 oratores,
903 915 981 979 quos
1003 915 1098 979 supra
1118 890 1360 972 nominavimus,
1384 891 1487 970 Plato,
1511 889 1724 978 Thucydides,
1748 889 1943 977 Xenophon,
1967 887 2031 968 alii,

338 1017 470 1083 minime
496 1022 544 1084 est
571 1017 808 1105 comparandus,
839 1015 985 1105 prestitit
1011 1023 1118 1083 tamen
1145 1017 1230 1104 quod
1252 1015 1357 1106 potuit
1378 1016 1512 1102 ideoque
1535 1040 1608 1081 eum
1631 1039 1695 1080 non
1717 1038 1785 1081 esse
1806 1013 2033 1101 negligendum

338 1142 527 1234 putavimus.
574 1143 659 1208 Nam
682 1141 758 1209 licet
780 1165 888 1207 omnes
903 1139 1043 1229 priorum
1060 1141 1188 1207 omnino
1204 1146 1382 1231 temporum
1397 1141 1564 1229 scriptores
1578 1139 1629 1207 his
1643 1138 1769 1226 longius
1784 1140 1893 1205 abesse
1908 1136 2034 1205 dicendi

339 1268 412 1347 sint,
441 1267 475 1333 id
497 1271 604 1334 tamen
625 1266 666 1333 iis
688 1265 891 1333 tribuendum
914 1289 1087 1345 censemus,
1111 1273 1147 1332 ut
1169 1291 1225 1356 pro
1248 1265 1334 1332 virili
1357 1272 1445 1355 parte
1467 1265 1507 1332 iis
1530 1265 1585 1353 qui
1607 1271 1814 1352 sequerentur
1837 1263 1921 1329 viam
1945 1262 2035 1348 qnasi

280 1458 284 1463 ,
339 1391 532 1460 muniverint
564 1417 600 1459 ae
633 1392 762 1481 planem
793 1390 982 1477 facilemque
1015 1389 1158 1458 fecerint.
1205 1390 1301 1476 Quod
1334 1390 1462 1477 quidem
1490 1389 1653 1457 Andocidi
1680 1413 1805 1477 quoqne
1832 1389 1968 1477 quadam
1996 1412 2036 1454 ex

218 1534 222 1541 '
339 1522 429 1608 parte
451 1516 664 1595 tribuendum,
689 1540 782 1583 nemo
804 1540 880 1583 sane
902 1515 1075 1601 negaverit.

481 1643 560 1709 Jam
581 1666 655 1708 vero
678 1642 718 1707 de
740 1641 808 1730 ipso
831 1665 947 1727 genere
970 1641 1127 1708 scribendi
1149 1639 1334 1707 Andocides
1357 1644 1489 1720 constat,
1513 1639 1602 1706 varia
1623 1638 1721 1705 fuisse
1742 1644 1776 1706 et
1793 1637 1876 1705 inter
1898 1661 1932 1705 se
1948 1662 2036 1726 nepu-

340 1765 471 1854 gnantia
496 1765 677 1834 testimonia
703 1765 891 1846 criticorum,
926 1790 1023 1852 quum
1046 1765 1102 1831 alii
1125 1765 1323 1846 tenuitatem,
1348 1764 1581 1844 obscuritatem,
1606 1763 1887 1831 inconcinnitatem
1910 1787 2036 1850 magno·

340 1915 415 1980 pere
438 1891 740 1982 reprehenderent,⁸
763 1890 818 1957 alii
840 1890 1058 1969 subtilitatem,
1082 1889 1247 1980 impetum,
1263 1890 1450 1978 gravitatem
1466 1891 1534 1980 ejus
1549 1890 1791 1958 admirarentur.
1807 1890 1819 1921 ⁴
1842 1891 1922 1975 Quin
1938 1910 2036 1976 quum

341 2015 387 2083 ita
408 2014 472 2082 sint
493 2016 580 2082 haud
603 2015 696 2083 facilc
718 2022 766 2083 est
788 2040 899 2082 verum
922 2016 962 2082 de
984 2015 1058 2082 stilo
1081 2016 1149 2105 ejus
1172 2015 1313 2105 proferre
1331 2015 1499 2106 judicium.
1545 2017 1594 2084 At
1616 2022 1722 2083 tamen
1744 2014 1779 2080 id
1801 2012 2037 2082 concedendum

342 2146 496 2208 sectatum
523 2164 590 2208 esse
616 2126 689 2208 eum
719 2143 850 2229 vulgare
876 2141 958 2210 illud
984 2167 1084 2231 genus
1112 2142 1239 2210 dicendi
1264 2166 1368 2229 neque
1391 2166 1537 2230 magnam
1562 2140 1685 2209 dedisse
1707 2165 1836 2230 operam
1858 2138 1967 2227 generi
1988 2137 2038 2204 illi

343 2272 409 2333 arte
432 2267 591 2333 elaborato
614 2273 789 2354 ornatuque
812 2290 963 2356 resperso,
987 2274 1020 2336 et
1042 2269 1247 2335 concinnitati
1269 2268 1499 2355 elegantiusque
1522 2267 1568 2335 ita
1589 2291 1654 2334 non
1677 2266 1882 2346 consuluisse,
1907 2271 1942 2332 ut
1964 2288 2038 2332 eum

225 2406 230 2414 ·
343 2391 384 2456 ad
413 2390 616 2479 jejunitatem
649 2390 791 2481 proxime
824 2392 972 2459 accedere
1005 2416 1097 2482 piene
1130 2392 1224 2460 dicas.
1276 2392 1431 2482 Simplex,
1466 2394 1611 2460 sedatum
1644 2391 1837 2479 minimeque
1868 2391 2039 2457 vehemens

343 2513 473 2583 adhibet
501 2515 660 2583 scribendi
687 2540 796 2604 genus.
842 2516 972 2584 Etenim
1002 2517 1260 2607 breviloquentia)
1290 2517 1516 2605 brevitatisque
1544 2517 1623 2585 adeo
1655 2506 1790 2584 nonest
1810 2514 1979 2615 studiosus,
2002 2521 2040 2581 ut

344 2640 497 2707 vocabula
530 2640 640 2707 eadem
673 2641 787 2728 exiguo
821 2640 986 2730 interjecto
1013 2642 1180 2710 intervallo
1207 2643 1320 2710 iterata
1346 2642 1440 2709 facile
1463 2641 1616 2722 invenias,
1640 2641 1725 2728 quod
1748 2665 1845 2728 quum
1868 2638 2040 2729 sepissime

344 2768 401 2831 fiat
427 2766 513 2834 locos
541 2790 725 2834 enumerare
747 2791 1014 2855 supervocanemn
1036 2773 1193 2857 putamus.
1240 2769 1306 2836 Sed
1328 2791 1390 2834 non
1413 2768 1517 2835 solum
1539 2766 1694 2835 vocabula
1715 2764 1842 2853 singula
1863 2769 2038 2844 recurrunt,

344 2889 519 2958 locutiones
548 2891 693 2977 quaedam
722 2896 755 2958 ot
780 2892 1014 2960 enuntiationes
1040 2898 1115 2960 totos
1144 2893 1256 2961 eodem
1278 2894 1372 2960 modo
1395 2898 1580 2982 repetuntur
1601 2890 1715 2958 iisdem
1737 2889 1804 2957 lere
1826 2888 1930 2956 verbis
1952 2889 2041 2956 velut

345 3016 373 3082 I:
403 3020 424 3083 3
451 3015 507 3083 nbi
534 3014 625 3083 initio
651 3016 781 3103 legitur:
811 3020 931 3097 εἰκότως
952 3058 994 3068 -
1018 3057 1058 3068 -
1084 3058 1126 3068 -
1149 3021 1235 3086 αὐτοὶ
1257 3023 1325 3108 περὶ
1347 3021 1447 3086 αὑτῶν
1470 3018 1586 3108 ἔχουσιν
1613 3014 1701 3084 etin
1724 3017 1788 3082 fine
1810 3013 1875 3081 fere
1898 3014 2040 3104 ejusdem

346 3139 494 3207 sectionis
522 3144 570 3207 καί
592 3142 678 3207 αὐτοὶ
700 3147 768 3231 περὶ
791 3145 890 3210 αὑτῶν
912 3144 1010 3233 ἔσχον.
1056 3144 1084 3209 Ι;
1109 3148 1139 3223 0,
1164 3148 1300 3232 αίτοῦμαι
1321 3144 1375 3211 οὖν
1397 3148 1480 3232 ὑμᾶς,
1503 3146 1529 3210 ὦ
1552 3143 1668 3232 ἄνδρες,
1691 3141 1808 3209 εὔνοιαν
1830 3142 1922 3208 πλείω
1945 3166 2039 3229 παρα·

346 3266 473 3355 σχέσθαι
500 3269 567 3353 ἐμοὶ
593 3279 641 3357 τῷ
667 3271 900 3357 ἀπολογουμένῳ
928 3269 948 3357 ἢ
978 3272 1039 3348 τοῖς
1064 3273 1239 3359 κατηγόροις
1265 3273 1314 3337 κτλ
1341 3273 1374 3336 et
1395 3268 1429 3335 in
1453 3270 1530 3335 fine:
1554 3271 1632 3346 ελκδς
1652 3267 1704 3334 οὖν
1728 3269 1804 3354 ὑμᾶς
1824 3266 1901 3332 ἐστιν
1924 3266 2041 3333 εὔνοιαν

347 3393 439 3458 πλείω
461 3393 671 3482 παρασχέσθω
693 3396 758 3481 Aioi
780 3397 838 3460 κτλ.
881 3395 997 3482 Aeque
1019 3394 1151 3460 verbosa
1173 3394 1271 3461 habes
1293 3396 1321 3461 I:
1346 3398 1400 3474 50,
1423 3394 1552 3461 σωθέντι
1569 3397 1613 3483 μὴ
1636 3397 1731 3461 δοκεῖν
1746 3403 1831 3483 κακῷ
1851 3393 1925 3460 εἶναι
1939 3430 1982 3440 -
1997 3429 2040 3439 -

347 3521 395 3583 καί
417 3519 513 3583 δοκεῖν
535 3519 600 3605 ὑμῖν
622 3518 697 3585 εἶναι
714 3521 758 3607 μὴ
780 3522 883 3598 tandm
905 3520 933 3585 I:
959 3522 1002 3586 58
1024 3523 1057 3584 et
1079 3521 1132 3599 59,
1156 3520 1176 3608 ἢ
1200 3521 1261 3601 ἐγὼ
1279 3523 1324 3608 μὴ
1346 3521 1437 3586 εἰπὼν
1461 3558 1503 3568 -
1519 3557 1562 3567 —
1578 3558 1620 3567 —
1632 3523 1676 3609 μη
1691 3523 1782 3588 εἰπὼν
1797 3525 1863 3609 ὑμῖν
1880 3556 1922 3567 -
1939 3556 1978 3567 -
1997 3555 2039 3566 -

348 3644 420 3728 ἐμοῦ
438 3644 482 3731 μὴ
505 3644 645 3721 ιλπόνπος
666 3645 757 3709 ελπδιν
779 3646 815 3709 δὲ
836 3646 885 3710 κτλ
890 3674 902 3725 ,·
923 3644 1008 3710 1:80
1031 3646 1131 3725 etsi,
1148 3646 1266 3728 ἐγένετο
1285 3682 1326 3692 -
1342 3647 1602 3733 γεγενημένων-
1619 3646 1834 3732 γενόμενον-
1851 3645 2043 3733 γεγενημένα;

348 3765 396 3831 H:
427 3770 457 3846 3,
490 3768 713 3846 ἀποδεικνύντος
732 3805 773 3815 -
798 3770 964 3857 ἀποδείξεις
985 3807 1026 3817 -
1051 3772 1222 3853 ἀποδείξαι;
1243 3768 1291 3834 II:
1317 3772 1348 3849 9,
1372 3770 1671 3858 δυστυχέστατος-
1694 3772 2042 3858 δυσδοςιωνέοτερος-

348 3890 540 3970 ἀθλιώτατος.
586 3892 695 3957 Porro.
741 3892 769 3957 I:
796 3895 846 3974 10,
870 3895 974 3983 ὥσπερ
997 3895 1032 3961 δὲ
1054 3898 1102 3960 καί
1124 3899 1266 3982 προεῖπον
1288 3897 1362 3981 ὑμῖν,
1384 3895 1411 3960 ὧ
1434 3894 1550 3982 ἄνδρες,
1573 3896 1610 3970 ἐξ
1629 3898 1728 3984 ἀρχῆς
1746 3899 1815 3983 περὶ
1830 3900 1948 3962 πάντων
1963 3896 2042 3982 ποιὴ·

348 4041 436 4104 σομαι
464 4019 518 4106 την
544 4018 706 4101 ἀπολογίαν
727 4022 776 4085 κτὲ
802 4025 836 4086 et
864 4019 892 4084 I:
922 4022 974 4098 34,
1004 4021 1107 4108 ὥσπερ
1138 4023 1186 4085 καί
1209 4021 1375 4109 ὑπεσχόμην
1397 4021 1471 4107 ὑμῖν,
1493 4022 1573 4087 οθτω
1596 4024 1644 4086 καί
1666 4024 1789 4110 ποιήσω·
1810 4022 1847 4096 ἐξ
1867 4023 1964 4109 ἀρχῆς
1984 4021 2042 4107 γίῳ

349 4143 426 4228 ὑμᾶς
450 4142 562 4216 διδάξω
591 4143 708 4208 ἅπαντα
730 4145 767 4208 τδι
790 4147 970 4233 γεγενημένα
992 4144 1021 4208 Ι;
1047 4146 1099 4223 25,
1127 4147 1156 4210 ol
1183 4145 1212 4210 δ
1234 4149 1336 4233 ἥκουσι
1358 4146 1408 4211 καί
1433 4147 1504 4210 εἰσιν
1527 4144 1641 4211 εθθάδε
1662 4149 1711 4211 καί
1733 4149 1865 4234 πάρεισιν
1887 4148 1936 4212 κτλ
1959 4149 1992 4210 et
2012 4144 2041 4210 I:

350 4269 403 4346 35,
431 4269 460 4331 ol
482 4267 540 4352 μὲν
566 4269 668 4353 ἥκουσι
696 4268 746 4333 καί
774 4270 844 4333 εἰσιν
871 4270 982 4335 ἐνθάδε
1009 4269 1037 4335 Ι;
1069 4271 1131 4335 106
1159 4274 1192 4336 et
1222 4271 1294 4351 1303
1323 4269 1351 4335 I:
1378 4272 1442 4335 130
1465 4273 1498 4334 et
1521 4272 1594 4335 149.
1641 4268 1838 4337 Varietatem
1861 4270 1957 4358 plane
1978 4291 2043 4335 non

350 4412 463 4457 curans
484 4388 586 4457 tribus
608 4389 755 4488 deinceps
777 4390 843 4458 fere
865 4393 1069 4482 paragraphis
1091 4394 1202 4460 eadem
1225 4416 1300 4459 usus
1322 4398 1371 4461 est
1392 4393 1543 4481 loquendi
1565 4393 1713 4475 formula,
1738 4419 1809 4483 quae
1831 4398 1879 4461 est
1893 4397 1954 4480 ἐγὼ
1969 4397 2047 4482 ὑμᾶς

350 4517 461 4591 διδάξω
494 4516 522 4581 Ι;
559 4519 611 4595 70,
647 4520 699 4596 72,
736 4520 788 4599 73,
822 4541 893 4606 quae
927 4524 1079 4608 preterea
1111 4518 1247 4584 formula
1275 4518 1393 4607 legitur
1419 4521 1447 4586 I:
1479 4523 1520 4586 10
1544 4520 1639 4608 paulo
1661 4524 1792 4588 mutata.
1838 4522 1880 4586 In
1902 4518 2044 4586 oratione

495 4765 501 4794 ¹
514 4766 566 4822 cfr.
583 4768 633 4821 Die
649 4766 770 4823 Attische
787 4766 985 4821 Beredsamkeit
997 4784 1046 4822 von
1058 4768 1170 4839 Gorgias
1182 4768 1224 4821 bis
1236 4768 1338 4836 Lysias.
1358 4768 1522 4838 Dargestellt
1533 4784 1583 4823 von
1595 4769 1729 4824 Friedrich
1742 4770 1828 4824 Blass.
1847 4769 1955 4838 Leipzig
1968 4769 2044 4823 1868.

492 4854 502 4883 ¹
521 4856 588 4911 Vide
605 4856 783 4917 Plutarchum.
801 4856 932 4921 Photium,
951 4855 1157 4923 Quinctiliannm
1176 4858 1251 4925 (inst.
1270 4874 1307 4912 or.
1327 4857 1388 4911 XII:
1409 4860 1449 4923 10,
1469 4858 1513 4927 21)
1533 4858 1721 4929 Hermogenem
1740 4858 1812 4912 alios.

494 4943 504 4972 ⁸
523 4944 575 5002 cfr.
594 4944 712 5010 criticos,
731 4961 795 5012 qnos
814 4962 894 5013 snpra
911 4946 1049 5000 nominavi.

494 5034 503 5062 ⁴
522 5034 588 5089 Vide
606 5035 715 5091 Slniteri
733 5035 869 5090 Lectiones
887 5032 1011 5090 Andocid.

252 5288 497 5471 s
