4480 5940
472 389 514 461 26

426 553 574 620 adhunc
596 576 690 620 usum
712 552 935 620 illustrandum
958 559 1032 642 apta
1055 549 1236 619 videantur:
1261 548 1296 618 I:
1321 553 1352 630 3,
1376 550 1497 629 είκιάτως
1517 550 1545 617 δ’
1566 549 1613 627 ἀν,
1635 550 1662 617 ‹l›
1684 551 1801 641 ἄνδρες,
1824 552 1877 643 τὴν
1900 551 1993 643 αὐτὴν
2008 555 2134 645 γνώμην·

426 679 521 770 ἔχοιτε
555 681 626 769 περί
658 686 716 746 τῶν
752 679 918 746 ἐθελοντῶν
952 681 996 757 εἷς
1021 680 1090 757 τοὺς
1115 678 1264 755 κινδύνους
1288 678 1520 765 καθισταμένων,
1549 681 1644 767 ἥνπερ
1672 677 1758 743 αὐτοὶ
1780 681 1849 767 περὶ
1870 679 1971 745 αὑτῶν
1993 677 2117 768 ἔχοντος

425 801 454 868 I:
479 806 519 870 91
545 808 593 870 καί
620 805 656 869 orl
685 804 807 892 δέξομαι
834 804 954 881 ἔνδειξιν
980 803 1053 870 οὐδὲ
1083 805 1250 892 ἀπαγωγὴν
1277 802 1364 901 ἕνεκα
1387 807 1447 868 τῶν
1470 803 1617 891 πρότερον
1640 802 1844 892 γεγενημένων
1851 832 1862 883 ,·
1883 802 1917 868 Ι;
1939 805 2014 882 104,
2030 804 2057 869 εί
2069 804 2117 870 οὖν
2182 864 2184 871 .

426 932 589 1013 γνώσονται
604 930 680 1016 ὑμᾶς
693 930 933 1019 ἀποδεχομένους
945 931 999 1006 τὰς
1012 928 1192 1017 κατηγορίας
1205 933 1264 994 τῶν
1278 927 1425 1016 πρότερον
1440 928 1643 1017 γεγενημένων
1658 932 1691 994 et
1705 948 1780 993 mox
1794 924 1891 993 iufra:
1909 928 1928 1016 ἢ
1945 928 2011 995 τίνα
2025 929 2116 995 osteo

425 1054 579 1142 ἐθελήσειν
601 1055 645 1132 εἷς
665 1055 788 1138 ἀγῶνας
807 1053 1006 1120 καθίστασθαι
1027 1054 1115 1119 ἕνεκα
1138 1058 1199 1119 τῶν
1221 1054 1368 1141 πρότερον
1391 1051 1594 1142 γεγενημένων
1621 1054 1678 1118 κτλ,
1724 1050 1797 1137 Qua
1825 1050 1860 1116 in
1882 1074 1918 1118 re
1940 1051 2025 1138 quod
2047 1051 2117 1119 dicit

425 1176 584 1258 Klotaius,
609 1177 658 1243 vir
680 1176 736 1244 ille
759 1176 968 1256 doctissimus,
991 1177 1025 1242 in
1047 1174 1231 1264 hujusmodi
1253 1175 1407 1266 exemplis
1430 1199 1520 1263 seque
1542 1176 1624 1243 bene
1638 1175 1701 1262 legi
1717 1198 1809 1265 posse
1824 1174 2015 1264 adjectivum
2030 1182 2117 1263 atquo

424 1301 619 1382 adverbium,
638 1303 645 1335 ¹
676 1301 908 1369 observandum
937 1325 1110 1382 censemus,
1134 1324 1169 1368 re
1191 1324 1266 1367 vera
1288 1299 1433 1390 usurpari
1456 1324 1520 1374 non
1543 1323 1634 1390 posse
1656 1300 1850 1389 adjectivum
1872 1299 1928 1367 ubi
1949 1299 2015 1368 talc
2037 1325 2117 1369 voca·

425 1426 536 1493 bulum
563 1427 604 1494 ad
631 1427 837 1517 praedicatum
865 1426 969 1492 solnm
995 1424 1223 1493 enuntiationis
1249 1425 1359 1492 referri
1386 1449 1491 1513 neque
1520 1424 1561 1491 ad
1582 1425 1761 1514 subjectum
1784 1425 1852 1492 sive
1874 1425 2033 1514 objectum
2054 1426 2116 1514 ejus

425 1551 497 1620 dem
520 1549 699 1619 redundare
721 1551 898 1640 putandum
921 1552 1005 1618 est.¹
1049 1550 1180 1632 Etenim
1201 1549 1270 1640 ipse
1293 1550 1461 1617 confessus*
1476 1556 1534 1631 est,
1557 1549 1591 1616 in
1614 1549 1693 1617 locis
1715 1550 1743 1617 I:
1769 1554 1812 1618 89
1835 1557 1869 1618 et
1892 1554 1955 1618 108
1981 1574 2042 1617 non
2055 1537 2116 1617 tam

424 1678 506 1744 bene
528 1675 593 1764 legi
616 1698 707 1765 posse
722 1674 923 1765 adjectivum.
970 1676 1076 1762 Quam
1091 1674 1303 1744 differentiam
1318 1698 1415 1766 supra
1428 1674 1601 1743 indicatam
1617 1699 1809 1763 quamquam
1821 1675 1950 1742 omnino
1964 1676 2115 1743 observari

425 1808 555 1882 constat,
585 1824 650 1867 non
677 1807 783 1867 tamen
811 1801 926 1867 desunt
955 1800 1026 1881 loci,
1055 1801 1089 1867 in
1117 1800 1232 1887 quibus
1261 1823 1333 1867 eam
1360 1799 1534 1868 omiserunt
1561 1799 1765 1891 scriptores‘
1792 1799 1877 1887 quod
1904 1800 1990 1868 idem
2010 1800 2115 1868 fecisse

423 1927 474 1993 his
492 1920 536 1992 'in
563 1925 641 1993 locis
664 1924 864 1992 Andocidem
887 1929 1044 2015 putamus.
1091 1927 1251 1993 Prmtcroa
1273 1924 1455 1993 conferendi
1478 1931 1552 1993 sunt
1574 1925 1610 1991 hi
1632 1924 1695 1992 duc
1717 1923 1793 1992 loci:
1827 1924 1900 1992 III:
1926 1928 1978 2007 22,
2001 1926 2061 1993 εἶτα
2082 1928 2114 1993 δὲ

424 2053 592 2142 συμααγίαν
619 2055 817 2142 ποιησάμενοι,
844 2052 995 2130 Βοιωτοὺς
1021 2055 1069 2118 καὶ
1097 2052 1274 2142 Κορινθίους
1301 2054 1525 2142 ἀποστήσαντες
1544 2053 1653 2128 αὐτῶν,
1677 2052 1821 2141 Ἀργείους
1841 2054 1877 2118 δὲ
1899 2053 2057 2138 ἀγαγόντες
2075 2052 2115 2128 είς

424 2180 478 2267 τὴν
511 2176 657 2267 πρότερον
691 2178 798 2266 φιλίαν,
833 2175 917 2243 αἴτιοι
946 2182 1000 2265 τῆς
1026 2179 1058 2244 ἐν
1089 2177 1232 2265 Κορίνθῳ
1250 2180 1352 2267 μάχης
1372 2177 1538 2265 ἐγενόμεθα
1561 2176 1677 2257 αὐτοῖς
1700 2175 1762 2245 IV:
1787 2180 1840 2256 24,
1864 2178 1926 2261 ἐγὼ
1955 2178 1991 2243 δὲ
2011 2177 2111 2264 νομίζω

420 2301 543 2389 μέγιστα
576 2303 649 2369 κακὰ
679 2304 733 2390 τὴν
762 2303 843 2368 πάλω
873 2303 929 2369 ὑπὸ
959 2303 1065 2369 τούτου
1095 2301 1250 2368 πείσεσθαι
1279 2305 1327 2367 καὶ
1353 2302 1528 2391 τηλικούτων
1551 2305 1733 2391 πραγμάτιον
1755 2303 1799 2379 είς
1820 2303 1870 2369 τδν
1892 2304 1989 2369 memo
2004 2301 2111 2390 γριίνον

424 2425 515 2493 αἴτιον
537 2427 641 2503 δόξειν,
663 2425 743 2492 ὥστε
760 2426 880 2516 μηδένα
903 2432 962 2493 τῶν
985 2427 1142 2515 προτέρων
1164 2427 1352 2515 ἀδικημάτων
1370 2426 1549 2516 μεμνῆσθαι.

565 2546 661 2636 Quod
686 2548 721 2616 in
749 2548 860 2637 lingua
885 2549 987 2617 latina
1011 2552 1058 2630 fit,
1086 2553 1123 2615 ut
1151 2548 1315 2637 adjectivis
1336 2549 1370 2616 in
1393 2549 1493 2638 gradu
1516 2549 1728 2639 comparativo
1750 2547 1858 2638 positis
1877 2569 2105 2633 nonnumquam

424 2673 612 2764 subjiciatur
637 2672 748 2741 cadem
775 2672 843 2740 fere
869 2673 1067 2762 significatio
1092 2698 1188 2762 quam
1210 2673 1243 2740 in
1267 2673 1402 2762 positivo
1425 2676 1553 2755 habant,
1576 2675 1673 2764 paulo
1695 2682 1801 2765 tamen
1826 2673 1951 2754 auctior,
1972 2671 2050 2738 idem
2070 2670 2114 2736 in⁴

424 2801 535 2889 lingua
554 2804 693 2887 'quoque
725 2823 830 2886 graeca
863 2798 932 2866 fieri
966 2798 1109 2866 videmus
1142 2797 1191 2864 II:
1222 2803 1252 2879 6,
1281 2800 1325 2867 ὧν
1348 2800 1443 2876 ἓνεκα,
1466 2800 1493 2866 ὦ
1517 2801 1667 2888 Αθηναῖοι,
1689 2802 1717 2868 εί
1739 2799 1938 2890 ἀνθρωπίνως
1957 2801 2019 2888 περὶ
2040 2797 2105 2884 ἐμοῦ

425 2930 618 3014 γιγνώσκοιτε,
641 2922 721 3015 εἴητε
743 2926 781 2991 ἀν
803 2925 914 3014 ἀνδρες
934 2924 1210 3014 εὐγνωμονέστεροι
1256 2921 1321 2990 Otr.
1347 2923 1431 3011 quod
1454 2924 1571 3017 legitur
1593 2924 1655 2993 IV:
1679 2929 1709 3007 4,
1727 2932 1786 2993 τῶν
1801 2928 1838 2995 δὲ
1853 2925 2110 3016 δημοσίωνμιηοάν

425 3055 473 3119 καὶ
499 3052 623 3129 ου’δενδς
647 3048 734 3125 ἀξίαν
763 3051 898 3138 ἡγοῦμαι,
925 3047 981 3114 ubi
1008 3055 1142 3135 augetur
1169 3047 1401 3135 quodammodo
1424 3048 1614 3136 significatio
1637 3049 1785 3138 adjectivi
1806 3049 1841 3117 in
1864 3048 1996 3139 positivo
2016 3045 2112 3135 gradu

424 3173 528 3265 positi.
575 3171 616 3239 In
650 3196 709 3239 usu
743 3179 895 3262 praeterea
927 3172 1091 3263 particulae
1126 3175 1346 3261 comparativae
1374 3175 1396 3264 ἦ
1422 3172 1666 3241 inconstantiam
1694 3173 1852 3262 quandam
1875 3170 2113 3242 observavimus.
2210 3242 2211 3255 ,

359 3337 365 3347 -
425 3298 478 3368 Itu
505 3300 587 3366 hanc
614 3296 804 3387 particulam
831 3297 979 3366 omissam
1003 3296 1207 3365 invenimus⁴
1234 3296 1296 3368 IV:
1323 3302 1374 3379 ll,
1406 3302 1561 3388 σκέψασθε
1583 3302 1618 3366 δὲ
1640 3307 1705 3380 πῶς
1725 3301 1762 3367 ἀν
1784 3325 1826 3380 τις
1845 3304 1921 3368 κατὰ
1939 3300 2033 3388 μείζω
2054 3296 2115 3364 τοί·
2147 3381 2149 3384 ⁴

426 3452 484 3494 των
507 3427 760 3501 κατασκευάσειεν,
783 3425 811 3490 εί
833 3428 885 3512 τῆς
905 3425 1057 3513 σωτηρίας
1077 3427 1144 3513 ιἠμίν
1167 3427 1264 3514 πάσης
1284 3426 1332 3489 διὰ
1355 3430 1414 3491 τῶν
1436 3430 1598 3515 συμαάχων
1620 3423 1714 3515 οὔσης
1735 3463 1776 3474 -
1800 3429 1851 3492 τδν
1873 3428 1973 3516 φόρον
1992 3426 2120 3499 ἑκάστοις

425 3550 591 3628 ίδίιιλασεν,
619 3547 675 3615 ubi
704 3552 778 3615 ante
805 3549 833 3615 τί
859 3552 1060 3637 exspectatur
1088 3548 1157 3614 hacc
1180 3546 1335 3637 particula
1357 3547 1515 3636 exposita3
1544 3554 1655 3615 contra
1677 3548 1794 3637 legitur
1815 3549 1843 3615 I:
1870 3553 1944 3631 125,
1969 3553 1991 3641 η
2013 3550 2048 3617 δὲ
2069 3548 2118 3614 τοῦ

426 3675 595 3765 Ἰσγιηιιάχου
617 3674 755 3762 θυγάτηρ
779 3672 920 3741 τεθνάναι
942 3672 1087 3760 νομίσασα
1110 3676 1267 3740 λυσιτελείν
1290 3673 1310 3762 ἢ
1334 3672 1387 3762 ζῆν
1410 3677 1516 3762 ὁρῶσα
1540 3677 1576 3741 τά
1600 3677 1755 3762 γιγνόμενα
1772 3678 1830 3753 κτλ,
1844 3673 1878 3740 iu
1894 3698 1958 3761 quc
1977 3670 2119 3762 exemplo

425 3798 576 3866 omissum
599 3804 647 3864 est
668 3795 863 3877 adverbium,
888 3795 972 3883 quod
994 3801 1043 3862 cst
1060 3796 1210 3885 μᾶλλον.8
2210 3880 2211 3895 γ

566 3920 592 3988 J
592 3944 644 3988 am
665 3943 762 4012 supra
783 3919 818 3987 in
840 3918 1055 4011 disputatione
1078 3920 1117 3987 de
1140 3918 1264 3989 casibus
1286 3944 1324 3988 ea
1346 3920 1519 4003 attulimus,
1537 3946 1607 4011 quae
1621 3921 1655 3989 in
1671 3923 1872 3991 construendi
1887 3947 2008 4011 genere
2023 3920 2121 4014 adjec·

423 4046 563 4117 tivorum
590 4042 744 4113 notabilia
770 4044 961 4113 viderentur.
1007 4043 1073 4112 Hic
1095 4044 1257 4127 addamus,
1290 4046 1444 4113 nonnulla
1466 4045 1622 4137 adjectiva
1643 4070 1717 4114 cum
1739 4048 1962 4139 praepositione
1986 4049 2123 4138 quadam

425 4173 595 4264 conjuncta
616 4170 701 4261 apud
723 4173 884 4237 auctorem
906 4175 1051 4237 nostrum
1072 4167 1213 4259 reperiri,
1233 4170 1318 4258 qaod
1333 4195 1430 4258 quum
1445 4169 1635 4239 ascribendi
1650 4197 1766 4260 genere
1780 4172 1972 4264 scriptorum
1987 4173 2123 4243 aliomm
2210 4244 2211 4259 j

424 4321 489 4365 nou
512 4298 689 4377 abhorreat,
713 4318 777 4360 non
801 4292 883 4360 nihil
905 4301 1012 4362 tamen
1035 4292 1075 4361 ad
1097 4315 1197 4382 genus
1219 4292 1377 4362 scribendi
1400 4295 1576 4363 Andocidis
1598 4294 1823 4366 illustrandum
1838 4300 1944 4367 valere
1959 4306 2121 4390 putamus.
2210 4290 2211 4381 j

425 4423 523 4491 Sunt:
558 4421 719 4511 πρόθυμος,
746 4418 863 4499 δίκαιος,
885 4421 1018 4510 χρηστάς
1038 4418 1066 4486 I:
1091 4422 1144 4499 50,
1169 4417 1266 4487 ἔτιδὲ
1294 4392 1359 4508 aas,
1380 4420 1414 4499 ὃς
1433 4423 1466 4487 ἐν
1488 4424 1594 4490 ἅπαντι
1616 4432 1663 4513 τη)
1680 4424 1742 4514 βίῳ
1764 4425 1878 4516 ἠνίασαΙ
1892 4424 1950 4515 μέν
1975 4450 2013 4493 σε
2036 4425 2125 4491 οὐδὲν

425 4549 552 4623 πώποτε,
575 4546 803 4635 προθυμότατος
823 4546 857 4610 δὲ
879 4544 922 4622 είς
941 4546 976 4612 σὲ
999 4546 1047 4611 καὶ
1069 4546 1105 4612 τά
1128 4547 1168 4610 σά
1191 4548 1353 4634 πράγματά
1373 4546 1442 4633 είμις
1465 4543 1494 4611 I:
1511 4548 1584 4628 136,
1608 4550 1653 4627 οἷς
1666 4551 1714 4615 καί
1728 4552 1871 4640 τηοοσήνιει
1886 4552 2036 4639 ἀνδράσιν
2052 4547 2126 4617 εἶναι

467 4732 469 4736 “
569 4724 576 4755 ¹
594 4723 648 4780 cfr.
666 4718 801 4780 Kritischc
818 4720 1041 4793 Bourtheilangcn
1059 4736 1108 4776 von
1126 4719 1157 4779 R.
1177 4720 1264 4787 Illota,
1282 4738 1347 4778 neue
1363 4719 1524 4778 Jahrbtchcr
1542 4724 1583 4779 tlt
1600 4725 1730 4797 Philologi
1752 4728 1827 4781 1835.

565 4812 648 4869 ‘trs
666 4813 753 4868 Kllhn.
772 4812 789 4879 fi
805 4811 866 4875 405,
884 4810 901 4865 2
918 4816 1008 4866 annot
1024 4811 1051 4866 2.

568 4901 648 4960 'Cla
667 4901 754 4957 Ktilrn.
774 4900 790 4968 θ
807 4899 858 4955 405
878 4901 967 4956 annot.
986 4902 1009 4955 8.

566 4988 576 5018 ·
595 4990 648 5047 cn.
668 4991 755 5046 auhn.
774 4990 790 5057 a
808 4989 869 5053 ιιι,
890 4989 912 5042 1.

567 5078 577 5106 ⁸
595 5079 648 5140 cfr.
666 5079 754 5135 thrn.
773 5079 789 5147 β
807 5078 859 5132 542
877 5079 966 5131 annot.
985 5076 1009 5132 2.
