4480 5940
791 1240 862 1342 Dc
899 1271 990 1340 usu
1029 1237 1236 1340 articuli.

307 1592 480 1660 Maximam
513 1592 580 1659 vim
614 1593 732 1659 habere
766 1590 800 1656 in
834 1589 945 1677 lingua
978 1587 1095 1656 Graeca
1127 1588 1307 1669 articulum,
1337 1588 1498 1656 neminem
1520 1611 1596 1655 sane
1617 1587 1709 1675 fugit,
1733 1589 1788 1677 qui
1810 1590 1861 1655 vel

165 1718 327 1786 minimam
354 1717 430 1785 huic
458 1717 578 1806 lingum
606 1714 730 1782 dederit
757 1737 895 1802 operam.
946 1714 1032 1779 Nam
1061 1714 1225 1794 vocabula,
1254 1714 1295 1780 ad
1322 1737 1393 1801 quae
1416 1713 1560 1794 addatur,
1584 1718 1617 1780 et
1639 1712 1862 1780 astrictissimis

165 1842 394 1911 circumscribit
415 1843 533 1909 finibus
556 1846 589 1907 et
611 1839 781 1928 conspicua
802 1838 903 1925 magis
927 1845 1022 1927 atque
1043 1837 1218 1905 eminentia
1239 1837 1352 1917 reddit,
1376 1862 1440 1925 qua
1461 1838 1592 1926 quidem
1613 1837 1647 1903 in
1669 1860 1704 1904 re
1719 1862 1782 1904 non
1797 1838 1862 1903 vim

162 1969 267 2036 solum
301 1991 392 2035 suam
426 1990 463 2033 ac
496 1964 665 2055 propriam,
701 1963 979 2031 demonstrativam
1013 1963 1094 2043 dico,
1123 1968 1240 2043 tuetur,
1276 1963 1332 2030 sed
1360 1969 1551 2052 pergravetur
1577 1968 1613 2029 ut
1635 1962 1681 2029 ita
1703 1962 1807 2030 dicam
1829 1969 1862 2029 et

163 2094 271 2161 locum
298 2090 471 2180 sepissime
499 2095 632 2179 occupat
660 2087 881 2179 pronominum
904 2088 1050 2169 aliorum,
1074 2088 1182 2175 qualia
1204 2092 1279 2154 sunt
1300 2087 1485 2178 possessiva,
1509 2088 1651 2157 relativa.
1698 2087 1862 2176 Significa-

163 2219 286 2284 tionem
309 2220 417 2281 antem
440 2214 565 2282 articuli
588 2213 763 2295 relativam,
788 2238 885 2302 quum
909 2212 993 2302 apud
1015 2219 1124 2303 poetas
1147 2212 1306 2302 praecipue
1329 2214 1497 2280 occurrat¹
1520 2217 1553 2280 et
1575 2214 1615 2280 ab
1630 2235 1690 2281 usu
1704 2212 1863 2280 scribendi

165 2341 349 2408 Atticorum
378 2341 554 2419 abhorreat,
582 2338 711 2407 missam
739 2338 901 2418 faciamus,
930 2337 1211 2405 demonstrativam
1236 2343 1271 2405 et
1296 2338 1504 2426 possessivam
1527 2336 1636 2427 paucis
1659 2337 1861 2426 attingamus,

166 2471 204 2532 ut
236 2470 365 2553 pateant
397 2464 432 2530 hi
465 2486 541 2531 usus
568 2462 759 2531 Andocidci.
804 2463 856 2531 Ac
890 2462 1129 2530 demonstrativi
1162 2462 1291 2549 quidem
1319 2485 1395 2528 usus
1424 2462 1542 2551 duplex
1565 2464 1749 2530 observatur
1770 2462 1861 2545 ratio,

166 2589 273 2668 altera,
298 2611 397 2675 quum
419 2590 516 2656 habet
538 2588 691 2656 articulus
713 2588 777 2655 vim
800 2612 891 2657 suam
914 2611 951 2656 ac
973 2587 1143 2678 propriam,
1168 2588 1269 2655 altera
1291 2611 1389 2675 quum
1413 2586 1546 2654 eandem
1568 2588 1665 2688 habet
1686 2588 1751 2653 vim
1767 2593 1862 2677 atque

163 2712 347 2793 alter-alter,
378 2712 593 2780 alius-alius'
636 2712 732 2779 Illius
755 2712 886 2779 rationis
908 2714 1056 2803 exempla
1083 2714 1152 2780 hasa
1179 2713 1361 2779 afferamus:
1392 2712 1421 2777 I:
1450 2716 1481 2778 2.
1527 2714 1581 2791 οὓς
1601 2715 1683 2800 ὑμεῖς
1703 2715 1865 2801 ὀμόσαντες

160 2840 287 2925 μέλλετε
310 2841 363 2927 τὴν
386 2843 491 2927 ψῆφον
513 2837 615 2925 (quali
636 2837 685 2906 uti
708 2838 865 2923 solebant)
888 2839 994 2920 οἴσειν,·
1020 2837 1048 2903 Ι;
1074 2841 1127 2918 37,
1156 2842 1188 2906 ἐν
1210 2840 1275 2926 ὑμῖν
1298 2842 1357 2928 fcio
1379 2839 1457 2928 ἦσαν
1479 2840 1509 2903 οἱ
1531 2839 1627 2923 λόγον,
1649 2837 1677 2902 Ι;
1695 2841 1738 2904 44
1760 2840 1862 2928 ἐπειδὴ

164 2963 233 3040 τοὺς
263 2964 407 3053 &warde
436 2962 559 3049 (quales
593 2961 668 3028 dare
701 2963 860 3048 solebant)
897 2966 1095 3054 κοτέοτηοαν;
1123 2961 1152 3027 I:
1182 2965 1255 3043 119,
1278 2965 1416 3053 ἠξιοῦμεν
1447 2964 1485 3030 δν
1508 2965 1584 3048 γένει
1606 2963 1690 3041 ὄντες
1709 2965 1861 3049 &auratam

164 3086 241 3176 ἔχειν
268 3090 322 3165 τὰς
347 3090 456 3165 παῖδας
483 3090 573 3175 (quas
603 3110 699 3176 supra
727 3087 968 3172 nominaverat).
1015 3087 1057 3154 In
1086 3086 1239 3176 exemplis
1269 3086 1399 3154 alterius
1426 3085 1557 3152 rationis
1586 3085 1753 3153 afferendis
1775 3087 1862 3153 haud

165 3208 234 3274 sine
261 3233 322 3276 usu
350 3232 419 3276 esse
445 3210 554 3299 putavi
580 3234 619 3277 ea
645 3211 792 3300 adjicere,
821 3235 893 3299 quae
919 3211 953 3279 in
976 3235 1036 3278 usu
1061 3212 1298 3301 particularum,
1323 3234 1393 3298 quas
1422 3236 1495 3277 curn
1522 3210 1656 3278 articulo
1684 3211 1861 3301 conjunctas

164 3331 379 3412 inveniuntur,
413 3335 565 3402 notabilia
591 3335 747 3404 videntur.
794 3334 950 3402 Constant
971 3335 1058 3402 enim
1079 3336 1225 3425 plurimrs
1246 3335 1401 3416 famulo,
1426 3360 1496 3423 que
1520 3336 1742 3403 connectendis
1763 3360 1861 3403 enun-

164 3455 351 3523 tiationibus
383 3456 569 3539 inserviunt,
603 3484 643 3527 ex
679 3460 804 3529 articuli
834 3459 945 3527 formis
977 3444 1093 3528 additis
1127 3459 1292 3550 particulis
1333 3459 1559 3547 quibusdam,⁰
1593 3460 1639 3526 ita
1672 3466 1709 3527 nt
1742 3462 1862 3549 optime

165 3587 333 3667 utramque
354 3606 423 3648 rem
446 3583 507 3648 hoc
530 3583 599 3649 loco
625 3587 817 3674 conjungere
843 3608 935 3675 posse
957 3585 1129 3652 videamur.
1166 3584 1349 3675 Saepissime
1364 3584 1502 3653 occurrit
1524 3585 1662 3652 formula
1683 3585 1741 3651 illa
1768 3590 1861 3675 ὁμὲν

165 3744 207 3755 -
231 3710 249 3770 ὃ
272 3709 321 3774 dt:
350 3708 379 3786 Ι,
406 3710 447 3773 18
478 3713 531 3774 τοῦ
550 3711 607 3795 μὲν
630 3711 807 3798 ἀδελφιδοῦς
827 3714 906 3778 ἐστιν
929 3713 1138 3801 Αδτοιςοάτωρ,
1160 3717 1212 3777 τοῦ
1235 3714 1270 3777 δὲ
1291 3712 1376 3789 δεῖος
1398 3711 1577 3800 Ἀκουμενός
1603 3710 1632 3775 Ι;
1658 3714 1710 3789 47,
1735 3716 1786 3778 τὸν
1803 3712 1879 3801 ,ιὶὲνι

165 3833 318 3897 συνειδότα
345 3834 524 3911 ἀποδεικνύς,
552 3838 604 3899 τοῦ
634 3833 695 3900 aa
717 3840 754 3923 τῇ
775 3838 854 3925 οἷιίᾳ
874 3840 999 3924 φάσκων
1021 3839 1074 3925 τὴν
1097 3838 1224 3903 σύνοδον
1253 3836 1410 3920 γενέσδαι,
1431 3834 1460 3899 I:
1493 3808 1546 3915 48,
1582 3838 1653 3924 ἧκον
1679 3839 1715 3902 a
1742 3843 1788 3925 τῷ
1804 3839 1880 3925 μὲν]

161 3956 264 4043 prii-pp
294 3962 339 4042 τῷ
367 3959 403 4022 a
429 3959 548 4047 ἀδελφὴ
576 3964 622 4046 τῷ
648 3960 683 4025 δὲ
713 3962 785 4048 γονὴ
814 3964 862 4027 καὶ
889 3963 998 4039 παῖδες.
1045 3961 1154 4049 Hujus
1180 3960 1267 4026 modi
1295 3959 1502 4027 connectendi
1524 3960 1670 4027 formula
1693 3967 1862 4028 occurrunt
1979 3941 1981 3944 ‚

165 4077 194 4142 I:
224 4080 277 4155 45,
306 4081 359 4157 53,
388 4082 440 4158 67,
470 4084 523 4161 86,
556 4084 629 4162 105,
664 4085 736 4163 166,
770 4085 843 4160 119,
877 4087 949 4151 129.
997 4084 1044 4150 II:
1076 4088 1104 4165 l,
1129 4088 1159 4165 6,
1186 4088 1237 4151 16.
1283 4085 1351 4150 HI:
1384 4088 1436 4166 37,
1465 4088 1516 4152 39.
1563 4084 1625 4153 IV:
1650 4090 1681 4165 4,
1706 4089 1748 4152 22
1771 4085 1858 4153 alibi.

165 4201 242 4268 Non
275 4225 448 4288 numquam
483 4203 598 4272 omissa
630 4212 679 4272 est
712 4207 868 4296 particula
896 4212 954 4297 μέν
985 4208 1019 4275 in
1052 4214 1142 4299 parte
1175 4208 1278 4298 priore
1308 4214 1342 4276 et
1371 4208 1573 4277 continuatur
1602 4215 1760 4278 structura
1792 4211 1862 4277 sola

165 4325 323 4415 particula
356 4330 391 4395 δέ
422 4334 584 4416 tamquam
616 4332 774 4419 praecedat
802 4335 874 4421 μέν,
905 4334 933 4399 Ι;
964 4337 983 4400 7
1017 4337 1046 4399 ot
1080 4336 1115 4401 δὲ
1141 4335 1189 4410 αδ,
1212 4338 1461 4424 μιῳτορὴσαντες
1481 4339 1518 4402 τὰ
1540 4338 1639 4425 ψευδῆ
1661 4339 1719 4411 κτλ,
1741 4334 1792 4402 cui
1815 4358 1874 4401 rev

165 4452 298 4540 spondet
320 4452 502 4540 precedens
524 4453 605 4521 illud
628 4460 671 4524 ὅτι
693 4461 795 4525 πολλοὶ
816 4459 876 4548 ἤδη
898 4460 991 4525 πολλὰ
1014 4462 1070 4526 tri.
1115 4457 1156 4523 In
1179 4459 1239 4525 hoc
1262 4481 1388 4546 quoque
1410 4428 1556 4548 exemplo
1578 4465 1736 4527 structura
1754 4483 1811 4548 per
1825 4462 1861 4528 δέ

164 4574 353 4665 particulam
376 4576 591 4645 continuatur:
616 4580 635 4646 Ι
659 4584 710 4657 76,
734 4584 850 4671 ἑτέροις
869 4584 924 4648 οὖν
943 4583 980 4672 ἦν
1003 4585 1183 4673 γράφεσθαι,
1206 4590 1267 4662 τοῖς
1287 4587 1322 4650 δὲ
1344 4588 1477 4662 ἐνδεῖξαι,
1501 4592 1561 4663 τοῖς
1574 4587 1608 4651 δὲ
1619 4588 1663 4674 μὴ
1679 4588 1860 4653 ἀναπλεῦσαι

181 4875 224 4931 ted
256 4881 271 4947 ἓ
308 4790 401 4945 iiii?
425 4793 456 4847 R.
475 4792 591 4856 Ktlrner,
609 4793 793 4850 Analirlrrlichc
810 4793 974 4852 Grammatilr
993 4796 1039 4852 der
1056 4795 1239 4852 Gricclriachcn
1258 4798 1379 4865 Sprachc.
1416 4796 1763 4865 llaunover1872,§460.
1800 4798 1859 4854 Lor-

166 4895 179 4931 s
226 4882 239 4931 t
290 4882 306 4931 6
385 4885 473 4936 annot.
492 4883 531 4946 b).

306 4967 443 5025 'Kr'thncr
461 4972 477 5039 θ
495 4973 547 5026 469
564 4976 591 5037 c)
609 4978 637 5027 ct
654 4972 684 5037 d)
702 4990 760 5027 curn
778 4977 866 5029 annot.
903 4975 1024 5030 hofstadt
1042 4978 1058 5043 θ
1077 4976 1110 5028 67
1130 4974 1151 5031 1.
1237 5036 1242 5043 ,
1287 4954 1291 4959 ’

310 5057 528 5129 ’1161166459
547 5062 569 5119 Ι.
