4480 5940
33 93 273 437 y.

451 368 494 430 28

406 532 527 614 σημεῖον
549 525 602 592 οὖν
625 531 711 601 τοῦτο
735 528 779 590 ότι
800 526 880 591 οὗτοι
901 527 956 590 οὐκ
977 526 1031 612 ἀφ’
1054 527 1154 591 αὐτῶν
1178 531 1270 591 ταῦτα
1294 530 1479 613 τμιίττοοσιν.
1525 524 1650 610 sepius
1673 528 1789 603 autem,
1814 529 1850 591 ut
1872 523 2020 604 diximus,
2045 523 2102 590 for·

199 652 206 661 '
327 660 342 686 ⁰
405 648 465 716 mis
493 648 673 738 duplicibus
700 672 775 715 usus
798 654 854 729 est,
879 648 969 737 eujus
992 647 1038 715 rei
1061 649 1207 738 exempla
1229 654 1320 715 sunt:
1345 649 1373 715 I:
1399 653 1429 729 3,
1454 652 1574 729 εἰκότως
1594 650 1632 717 ἄν
1655 676 1699 717 τοι
1720 654 1769 716 καὶ
1791 653 1872 737 ὑμεῖς
1892 655 2013 717 τοιαῦτα
2036 654 2102 738 περὶ

406 776 506 841 αὐτῶν
529 778 713 860 γιγνώσκοιτε
734 778 786 842 οἷό
807 800 863 863 περ
886 779 934 841 καί
955 776 1040 841 αὐτοὶ
1063 779 1132 865 περὶ
1153 781 1241 864 σφῶν
1264 776 1364 841 αὐτῶν
1386 775 1531 859 ἔγνωσαν,
1553 774 1581 840 I:
1597 778 1650 855 49,
1675 777 1704 840 σί
1727 777 1762 841 δὲ
1783 774 1913 864 οἴχονται
1935 776 2101 863 φεύγοντες,

406 906 493 989 σφῶν
516 901 615 966 αὐτῶν
637 902 829 984 καταγνόντες
849 903 957 967 ἀδικεῖν
962 930 973 981 ,·
995 898 1023 966 Ι;
1050 900 1113 965 104
1136 900 1200 967 τίνα
1223 900 1333 979 τιν’τσδς
1349 899 1453 967 οἴεσθε
1474 904 1593 989 γνιόμην
1609 902 1687 997 ἕξειν
1700 903 1769 988 περὶ
1784 906 1871 988 σφῶν
1887 901 2004 981 αὐτῶν,
2025 899 2099 966 item

406 1022 433 1088 I:
461 1026 534 1103 107,
561 1027 634 1104 135,
661 1027 734 1105 141,
759 1024 807 1090 II:
831 1028 862 1105 4;
887 1023 955 1091 III:
982 1027 1033 1103 11,
1057 1022 1122 1090 aliu
1143 1024 1285 1092 fortasse.
1332 1025 1375 1090 In
1397 1022 1551 1111 singulari
1574 1047 1706 1090 numero
1729 1022 1853 1090 variant
1874 1022 1985 1091 formae
2011 1027 2101 1092 αὑτοῦ

406 1152 438 1214 et
460 1152 583 1216 ἑαοτσ5.·
606 1150 633 1215 Ι;
659 1152 711 1229 95,
747 1154 969 1240 όμνησικιικῶν
991 1151 1082 1229 αὐτὸς
1102 1151 1207 1238 αὐτῷ,
1241 1148 1269 1215 I:
1295 1152 1359 1216 100
1387 1147 1421 1238 φ’
1445 1151 1519 1216 κατὰ
1545 1149 1614 1228 τοὺς
1639 1153 1747 1238 νόμους
1767 1150 1837 1228 τοὺς
1857 1132 2019 1238 ὑμετέρους
2038 1151 2101 1215 οὐδ’

293 1318 295 1323 -
406 1277 494 1364 αὐτῷ
523 1278 597 1364 ὑπὲρ
620 1277 712 1343 αὑτοῦ
739 1275 816 1342 ἔστω
844 1276 1057 1359 ἀπολογείσθω
1082 1272 1111 1338 Ι;
1138 1277 1211 1341 131.
1257 1273 1299 1339 In
1332 1272 1516 1362 hujusmodi
1542 1272 1780 1362 pronominibus
1802 1271 1989 1340 indireetis¹
2023 1273 2101 1361 ejus

406 1399 478 1467 dem
516 1423 657 1489 persone
696 1399 806 1467 eadem
847 1400 1030 1466 observatur
1067 1397 1208 1465 variatio.
1262 1399 1303 1464 In
1331 1397 1484 1486 singulari
1511 1422 1643 1465 numero
1670 1404 1740 1465 tum
1773 1399 1908 1465 formam
1940 1397 2102 1486 usurpavit

407 1526 498 1593 αὐτοῦ
532 1529 602 1591 tum
634 1529 761 1593 έαιιτοῦ;
795 1524 823 1590 Ι;
851 1528 913 1591 125
948 1530 997 1591 καί
1029 1528 1129 1615 ἐπειδὴ
1158 1525 1255 1593 ἔτεκεν
1284 1527 1356 1602 σίόν,
1379 1525 1506 1614 ἔξαρνος
1526 1526 1563 1615 ἦν
1581 1528 1625 1615 μη
1648 1526 1722 1592 εἶναι
1744 1526 1781 1602 ἐξ
1801 1527 1893 1591 αὑτοῦ
1916 1527 1949 1591 τό
1972 1524 2085 1590 παιδίον
2091 1554 2101 1605 ,-

406 1650 434 1716 Ι;
461 1654 501 1717 12
525 1656 661 1739 παρεῖναι
683 1652 718 1717 δὲ
740 1654 788 1717 καί
810 1652 942 1729 δούλους,
964 1654 1071 1717 ἑαυτόν
1095 1676 1127 1717 τε
1149 1655 1197 1717 καὶ
1220 1655 1270 1718 τὸν
1293 1653 1426 1740 ἀδελφὸν
1448 1654 1506 1717 κτλ
1540 1650 1602 1719 IV:
1620 1654 1662 1717 27
1686 1651 1706 1741 ἦ
1727 1677 1783 1717 τινα
1805 1652 1922 1740 ταχέως
1939 1652 2102 1738 ἐπέτρεψεν

407 1776 659 1859 ἀνταγωνίζεσθαι
691 1779 795 1863 tuere]
826 1778 883 1843 κτλ.
932 1774 1048 1844 Variat
1075 1799 1151 1842 usus
1180 1774 1215 1841 in
1244 1774 1361 1864 plurali
1391 1798 1518 1862 quoque
1540 1799 1688 1842 numero:
1723 1774 1771 1839 H:
1797 1778 1817 1840 3
1840 1777 1868 1841 εί
1890 1777 1987 1863 δὲμὴ
2011 1776 2103 1841 ταύτὰ

406 1904 545 1990 ηγοῦνται
567 1901 648 1989 σφίσι
671 1925 703 1968 τε
726 1902 827 1979 αὐτοῖς
846 1902 1007 1990 συμφέρειν
1030 1905 1077 1967 καί
1100 1911 1147 1989 τῷ
1166 1902 1303 1990 ὑμετέρῳ
1326 1911 1417 1990 κοινῷ
1437 1904 1510 1981 κτλ;
1529 1899 1597 1966 III:
1622 1903 1663 1967 27
1688 1902 1837 1968 κελεύουσι
1860 1901 1919 1989 γάο
1934 1903 2107 1991 ημάςκοινῇ

402 2029 481 2113 μετὰ
503 2032 590 2115 σφῶν
617 2029 665 2092 καί
691 2028 769 2115 μετὰ
797 2027 964 2114 Κορινθίων
992 2029 1126 2115 πολεμεῖν
1154 2023 1268 2092 omisso
1298 2028 1406 2101 αὐτῶν,
1436 2025 1513 2092 item
1544 2025 1612 2092 HI:
1638 2029 1679 2092 36
1703 2029 1762 2092 ἀπὸ
1786 2028 1820 2092 δὲ
1843 2032 1903 2092 τῶν
1925 2032 2030 2115 requie
2052 2028 2104 2092 οὐκ

408 2151 481 2216 εἶναι
503 2150 584 2239 σφίσι
607 2154 730 2240 τροφήν.
752 2150 874 2217 Praeter
896 2149 1012 2217 formas
1031 2151 1100 2239 jam
1119 2150 1298 2218 nominatus
1313 2150 1415 2217 forma
1430 2151 1480 2217 οί’
1495 2175 1621 2239 quoque
1636 2175 1711 2219 usus
1727 2154 1790 2218 est:
1814 2149 1899 2216 1:15
1916 2150 1986 2218 είοί
2001 2151 2099 2218 ἄδειαν

408 2277 487 2341 δοῖεν
509 2279 566 2347 κτλ
589 2274 617 2340 Ι;
642 2278 684 2342 38
708 2275 769 2365 ἔφη
792 2279 850 2364 γὰρ
874 2276 947 2342 εἶναι
964 2279 1021 2363 μὲν
1044 2278 1234 2366 ἀνδράποδόν
1256 2279 1285 2343 ol
1308 2280 1356 2344 ἐπί
1379 2279 1521 2366 Λανρίῳ;
1548 2276 1576 2342 Ι;
1601 2280 1654 2356 40,
1679 2279 1731 2356 41,
1756 2278 1809 2358 42,
1836 2279 1909 2355 126,
1924 2276 1982 2343 ubi
1997 2281 2102 2344 tamen
2190 2250 2199 2274 ⁹

408 2398 532 2467 uncinis
558 2399 717 2467 inclusum
746 2405 795 2466 est
822 2400 906 2489 apud
927 2400 1098 2467 Blossium.
1144 2401 1197 2467 Ex
1224 2401 1369 2490 exemplo
1397 2401 1499 2491 primo
1522 2401 1592 2468 looo
1615 2401 1713 2468 allato
1736 2400 1844 2468 videre
1866 2424 2040 2491 possumus,
2064 2427 2103 2469 eu

408 2549 478 2613 quoe
508 2524 589 2591 dixit
615 2524 831 2594 Loetstedtius
858 2524 891 2592 in
920 2524 1139 2592 Grammatico
1166 2550 1224 2592 sua
1250 2526 1290 2592 de
1317 2526 1378 2592 hoo
1404 2524 1600 2615 pronomine,
1625 2551 1689 2593 non
1711 2526 1807 2616 plane
1830 2551 1905 2594 oum
1926 2550 1981 2594 usu
2002 2528 2098 2614 hujus

408 2650 545 2718 auctoris
568 2650 771 2739 congruere.⁸
815 2650 857 2717 In
878 2673 939 2717 usu
961 2656 1116 2738 praeterea
1136 2650 1251 2717 horum
1272 2650 1495 2740 pronominum
1518 2651 1647 2719 lieentia
1670 2651 1816 2738 quiedam
1831 2652 2019 2731 observatur,
2034 2674 2095 2737 qua

407 2802 465 2867 pro
492 2774 677 2866 pronomine
706 2774 817 2865 primm
845 2782 877 2843 et
903 2776 1049 2842 secundm
1076 2776 1196 2843 lectum
1226 2775 1383 2865 reperitur
1411 2799 1586 2865 pronomen
1608 2774 1710 2844 tertiae
1733 2777 1911 2866 personae⁴:
1935 2776 1964 2842 1:
1989 2778 2052 2843 114
2074 2779 2101 2843 ελ

409 2907 467 2991 γδιρ
502 2903 597 2992 ἔθηκα
626 2904 684 2990 μὲν
707 2904 760 2991 τὴν
783 2903 940 2991 ἱκετηρίαν,
968 2904 1121 2992 ὑιτηκονσα
1144 2904 1179 2968 δὲ
1196 2905 1251 2991 μή,
1274 2903 1348 2967 ἄλλο
1371 2928 1396 2968 τι
1418 2902 1437 2991 ἢ
1461 2903 1551 2981 αὐτὸς
1566 2905 1624 2991 μὲν
1646 2905 1737 2969 αὑτὸν
1760 2905 1915 2970 ἀπώλλυον
1938 2902 2029 2980 τιθείς
2050 2905 2104 2990 την

409 3030 574 3118 ίκετηρίαν;
600 3026 648 3091 II:
675 3028 695 3092 8
723 3027 933 3116 ἀναμνήσθητε
956 3028 991 3094 δὲ
1013 3029 1046 3094 έν
1068 3028 1125 3115 οἵῳ
1148 3028 1271 3115 κινδύνιμ
1294 3052 1326 3093 τε
1348 3031 1396 3093 καί
1419 3029 1570 3117 ἀαηγανίμ
1594 3027 1768 3103 καθέστατε,
1791 3031 1839 3094 καὶ
1858 3030 1900 3093 ὅτι
1920 3027 2002 3113 οθτῳ
2025 3029 2103 3115 σφό-

409 3157 469 3243 δρα
496 3159 578 3242 σφᾶς
602 3154 711 3230 αὐτοὺς
731 3152 925 3241 ἐπεφόβησθε
947 3155 1014 3228 κτλ,
1037 3151 1122 3239 quod
1145 3149 1271 3217 dioendi
1293 3174 1393 3239 genus
1416 3150 1578 3217 contendit
1602 3150 1759 3217 Ourtius⁶
1780 3150 1916 3218 maxime
1938 3151 2106 3217 ooourrere

409 3275 647 3366 pronominibus
668 3275 704 3343 in
726 3275 843 3365 plurali
864 3300 996 3343 numero
1019 3275 1137 3365 positis.
1184 3276 1236 3343 De
1259 3299 1354 3343 eausa
1367 3276 1464 3365 hujus
1478 3275 1637 3343 scribendi
1651 3275 1776 3363 generis
1791 3276 1917 3365 egregie
1932 3275 2106 3365 disputavit

409 3402 584 3469 Kuhnerus
598 3402 620 3483 ⁰,
655 3424 749 3490 quem
783 3424 906 3489 sequor.
953 3399 1100 3468 Ooourrit
1133 3407 1285 3491 preterea
1306 3426 1490 3489 pronomen,
1515 3402 1601 3489 quod
1623 3408 1671 3469 est
1694 3405 1790 3482 αδτός,
1817 3402 1851 3468 iu
1874 3400 2105 3490 significatione

408 3526 603 3617 pronominis
630 3524 769 3594 reflexivi
792 3530 993 3615 usurpatum:
1017 3526 1045 3592 1:
1073 3530 1135 3593 120
1164 3530 1273 3618 ταύτην
1296 3508 1428 3607 Καλλίας
1448 3529 1547 3595 ἔπειθε
1571 3529 1709 3618 Λέαγρον
1731 3531 1785 3595 eu
1807 3530 1899 3596 αὐτόν
1924 3530 2024 3615 λαβεῖν
2045 3531 2104 3595 κτλ

541 3670 582 3735 In
606 3693 666 3737 usu
687 3669 911 3758 pronominum
933 3693 1004 3757 quae
1027 3642 1180 3737 vocantur
1201 3668 1422 3738 reflexivorum
1437 3670 1682 3759 possessivorum
1697 3671 1808 3738 eadem
1823 3670 2029 3760 deprenditur
2043 3670 2104 3737 for·

409 3819 533 3862 marum
566 3792 707 3874 variatio,
743 3818 838 3884 quam
871 3819 967 3885 supra
999 3794 1252 3863 memoravimus.
1298 3795 1455 3883 Exempla
1482 3796 1624 3862 afferam:
1658 3797 1686 3862 I:
1712 3802 1742 3878 3,
1775 3799 1878 3865 ότόσοι
1902 3801 2041 3886 μὲνγὰρ
2060 3800 2106 3885 μὴ

409 3923 563 4012 ἠθέλησαν
585 3923 736 4010 ὑπομείναι
757 3923 951 4006 καταγνόντες
970 3924 1070 3988 αὐτῶν
1092 3922 1205 3988 ἀδικίαν
1227 3924 1283 3988 κτλ
1306 3919 1384 3987 item
1408 3921 1469 3990 IV:
1496 3925 1552 4003 12;
1578 3921 1606 3987 I:
1632 3925 1674 3987 53
1697 3926 1726 3987 οἱ
1749 3928 1799 3990 νῦν
1823 3925 1895 4000 ζῶσι
1917 3927 1966 3988 καὶ
1980 3923 2105 4010 καθελη-

410 4047 517 4113 λιίθασι
538 4050 587 4112 καὶ
608 4046 709 4137 ἔχουσι
731 4049 767 4113 τά
790 4050 924 4136 σφέτερα
947 4049 1066 4129 αὐτῶν,Ι
1087 4045 1166 4112 ilem
1189 4047 1217 4112 I:
1245 4050 1318 4127 107,
1345 4048 1418 4127 138,
1444 4045 1491 4111 II:
1519 4049 1570 4126 17,
1593 4046 1661 4112 III:
1687 4051 1739 4126 36,
1764 4046 1792 4112 I:
1820 4050 1881 4114 139
1906 4049 1970 4114 είτσι
1996 4051 2025 4112 σί
2048 4049 2108 4135 μὲν

410 4172 477 4238 θεοί
504 4174 538 4238 ἐκ
563 4173 713 4238 τοσούτων
740 4173 877 4239 κινδύνων
907 4171 1020 4248 έσωζόν
1043 4197 1092 4261 με,
1115 4177 1203 4260 σφῶν
1225 4172 1253 4237 δ
1275 4173 1374 4239 αὐτῶν
1398 4176 1624 4262 προοστὴσαντο
1648 4177 1774 4261 τφιωρδν
1798 4173 1937 4257 γενέσθω
1960 4173 2106 4262 Κηφίσιον

410 4299 466 4363 κτλ
490 4295 538 4361 Π;
563 4300 600 4375 2;
630 4294 695 4363 ibd.
720 4298 756 4362 τὰ
779 4298 896 4364 ἐναντία
920 4302 970 4363 νῦν
993 4309 1035 4387 ιη’
1054 4299 1171 4363 έαοτῶν
1193 4298 1329 4386 ὠφελείᾳ
1352 4300 1530 4376 σπεύδοντες
1549 4294 1626 4363 item
1650 4295 1717 4362 III:
1745 4299 1794 4363 191
1842 4296 2020 4363 Attamen
2044 4320 2110 4363 uno

554 4527 633 4584 ι00.
661 4529 730 4583 locos
755 4527 990 4585 Grammatiearnm
1017 4545 1096 4597 supra
1122 4528 1219 4583 allatos
1247 4528 1342 4583 allatos
1369 4532 1396 4582 et
1422 4532 1548 4596 preterea
1566 4544 1642 4583 mom.
1661 4528 1711 4583 III:
1730 4532 1746 4583 2
1765 4528 1922 4599 paragraphi
1940 4530 2019 4584 citati
2037 4530 2116 4598 apud

408 4617 537 4674 Illdfstedto
1980 4650 1984 4659 ¹
2125 4648 2130 4655 '

552 4706 563 4735 2

581 4706 634 4763 00.
653 4708 740 4763 Kuhu.
760 4704 845 4778 §1455
866 4711 954 4762 annot
974 4708 1002 4764 9.
1038 4707 1111 4764 Curt.
1129 4709 1145 4776 ξ
1163 4707 1197 4761 47
1215 4710 1305 4761 annot.
1325 4708 1351 4760 2.
1387 4707 1467 4776 Krdg.
1486 4709 1502 4776 5
1520 4708 1563 4771 51,
1585 4708 1616 4762 12
1635 4711 1663 4761 et
1681 4708 1707 4760 4.

553 4795 563 4825 ⁸
581 4796 633 4853 00.
652 4797 774 4852 Lolstedt
792 4798 807 4865 9
825 4797 869 4851 73.
887 4797 937 4851 III:
955 4799 972 4852 2
991 4799 1081 4852 annot.
1118 4796 1170 4854 00.
1189 4798 1270 4851 otiam
1288 4797 1382 4862 Bless,
1401 4796 1450 4851 Die
1468 4796 1589 4852 Attisohe
1607 4796 1805 4852 Berodsamlreit
1823 4811 1882 4866 pag.
1900 4796 1962 4851 292.

553 4884 562 4913 ⁴
581 4886 632 4943 00.
651 4887 821 4957 uolasse,
840 4888 856 4940 7
875 4885 914 4954 b).

553 4975 563 5003 ⁵
581 4976 646 5030 Vide
663 4975 869 5031 Grammaticam
887 4974 943 5044 ojus
961 4978 978 5045 g
995 4977 1045 5032 471
1064 4980 1154 5032 annot.
1166 4978 1192 5033 3.

447 5086 454 5099 ·
552 5063 648 5121 ‘Vide
665 5065 754 5124 Grani.
772 5065 828 5136 ejus
846 5068 862 5137 9
880 5065 940 5131 455,
959 5066 983 5120 7.
