4480 5940
1797 396 1838 461 25

180 565 255 654 γίαν
290 561 510 637 ἀποδεικνύντες
548 561 614 645 δοῳ
653 557 793 643 ιςοείττων
831 559 852 645 ἡ
890 557 1025 644 σφέτερα
1059 555 1106 646 cip
1140 564 1198 624 τῶν
1237 561 1406 645 Εγεοταίων
1438 562 1486 624 καί
1519 566 1580 627 τῶν
1614 558 1792 624 Καταναίων
1826 559 1884 623 κτλ

187 687 234 754 Π;
261 690 311 767 19,
334 685 396 753 IV:
422 686 473 764 16,
504 685 558 763 22,
586 680 619 747 in
648 680 762 767 quibus
791 679 831 747 ad
863 679 1230 769 comparativa‘additur
1258 683 1312 750 hic
1339 682 1473 750 dativus.
1520 681 1587 751 Sed
1616 680 1713 749 etiam
1744 680 1784 748 ad
1807 679 1884 746 talia

186 811 310 878 additur
330 808 497 887 vocabula,
520 805 693 893 inquibus
716 811 765 872 est
785 804 834 871 via
857 804 1071 894 comparativa
1093 807 1182 874 velut
1204 807 1251 875 H:
1279 811 1328 877 13.
1383 811 1499 876 Τούτων
1522 809 1619 875 τοίνυν
1641 809 1738 885 οὕτως
1756 807 1884 895 silemus

182 939 236 1003 odx
266 937 360 1024 ὀλίγῳ
391 961 445 1023 μοι
478 934 562 1022 παρὰ
596 935 715 1022 γνώμην
749 932 861 1020 εύρίδγ
895 933 932 997 τὰ
965 932 1098 997 ἐνταύδα
1126 937 1286 1022 πράγματα
1315 933 1437 1023 ἔχοντα
1459 934 1507 1000 H:
1535 935 1573 999 17
1597 932 1686 1021 Ὁρᾶν
1708 934 1744 998 δὲ
1760 931 1883 1022 γρὴ,ὦ

180 1062 334 1151 Ἀδιγνοῖοι,
367 1062 435 1148 ‹loq›
462 1060 500 1125 τὰ
530 1061 651 1124 τοιαῦτα
678 1062 740 1123 τῶν
766 1057 1005 1145 ὑπουργημάτων
1034 1058 1179 1146 διαφέρει
1225 1056 1359 1124 collatis
1379 1057 1479 1144 igitur
1500 1057 1584 1124 iuter
1605 1080 1639 1123 se
1661 1054 1825 1144 exemplis,
1849 1053 1883 1119 in

177 1185 297 1273 quibus
326 1183 466 1250 occurrit
492 1180 690 1248 aecusativus
716 1188 750 1247 et
776 1178 901 1248 dativus
929 1202 1095 1261 mensurae,
1125 1179 1220 1249 facile
1242 1182 1448 1263 inveniemus,
1472 1181 1557 1271 apud
1578 1179 1781 1249 Andocidem
1803 1178 1885 1246 siout

178 1313 266 1400 apud
288 1308 371 1376 alios
394 1306 560 1397 scriptores
583 1305 698 1395 saepius
720 1315 883 1373 occurrere
905 1304 1057 1372 dativum.

328 1432 488 1522 Exempla
521 1431 585 1498 alia
618 1453 804 1498 enumerare
837 1429 937 1497 dativi
971 1430 1085 1497 modi¹
1113 1431 1298 1514 omittimus,
1323 1456 1423 1518 quum
1444 1431 1527 1498 nihil
1548 1432 1687 1499 habeant
1707 1430 1791 1512 miri,
1814 1431 1883 1497 haee

183 1564 313 1628 tantum
346 1558 524 1638 afferamus,
559 1556 593 1623 iu
627 1557 742 1644 quibus
769 1554 912 1622 redditur
934 1555 1117 1644 hujusmodi
1140 1557 1265 1624 dativus
1287 1581 1344 1646 per
1364 1580 1554 1647 pronomen:
1578 1557 1606 1622 I:
1631 1560 1672 1623 25
1699 1560 1733 1624 At
1751 1559 1809 1644 μὲν
1827 1582 1882 1646 ρη-

186 1689 283 1764 νύοεις
301 1686 364 1751 ὧδε
385 1688 455 1773 περὶ
479 1690 539 1750 τῶν
557 1683 733 1772 γωοιηρίων
755 1681 842 1747 αύται
863 1683 1000 1766 ἐγίνοντο
1024 1684 1179 1771 τέτταοεςγ
1205 1683 1233 1748 Ι;
1259 1687 1300 1750 65
1325 1685 1531 1773 ἐξελέγχοντες
1551 1684 1586 1750 δὲ
1608 1686 1642 1749 rc
1664 1688 1785 1773 πρᾶγμα
1809 1686 1829 1772 ἦ
1851 1706 1884 1749 τε

183 1814 278 1901 βοολὴ
311 1814 362 1877 καί
384 1812 415 1875 οί
438 1808 570 1898 ζητηταί,
592 1808 684 1904 ἐπειδὴ
707 1807 744 1896 ἦν
766 1804 790 1896 ᾖ
810 1809 871 1891 ἐγὼ
894 1807 997 1892 ἔλεγον
1020 1811 1068 1873 καί
1089 1810 1270 1895 ὡμολογεῖτο
1293 1808 1481 1899 παντογύδεν
1502 1812 1560 1875 κτλ
1604 1807 1667 1873 Per
1689 1804 1884 1877 occasionem

182 1958 304 2015 moneo,
336 1932 484 2022 usurpem
510 1931 546 1998 in
573 1931 684 1997 eadem
714 1930 746 1997 vi
773 1936 869 2018 atque
890 1931 976 1997 hunc
999 1929 1142 1999 dativum
1164 1931 1403 2022 prepositiones
1426 1936 1460 1999 ἐκ
1479 1955 1566 2020 sequ.
1588 1932 1691 2020 geuitj
1710 1935 1742 2000 et
1768 1933 1816 1999 ἐπί
1840 1953 1884 1997 se

178 2065 300 2148 queute
339 2056 459 2125 dativo:
493 2058 522 2123 I:
549 2058 565 2122 1
598 2057 670 2123 ὥστ’
696 2058 749 2145 iai
776 2063 874 2136 κακῶς
894 2062 985 2124 ποιεῖν
1007 2059 1041 2123 ἐκ
1061 2061 1172 2137 παντὸς
1191 2060 1303 2147 τρόπον
1326 2062 1374 2124 καί
1395 2059 1515 2136 δικαίως
1535 2062 1582 2124 καί
1605 2059 1715 2137 ddisse
1735 2056 1783 2122 11:
1808 2060 1827 2121 5
1851 2059 1885 2123 τὸ

178 2189 208 2254 δ’
234 2189 364 2277 λοχορὸν
386 2189 471 2250 τοῦτο
488 2186 583 2270 μόνον
605 2182 689 2271 εύροι
711 2206 753 2260 τις
773 2183 810 2248 δν
832 2183 933 2249 αὐτῶν
955 2184 988 2248 ἐν
1011 2188 1072 2261 τοῖς
1093 2185 1196 2268 λύγοις.
1220 2185 1273 2261 τὰς
1293 2185 1368 2271 iside
1387 2186 1548 2272 συμφορὰς
1567 2186 1615 2250 ἐπὶ
1629 2188 1715 2251 παντὶ
1729 2183 1885 2259 ὀνειδίζειν.

62 2346 66 2351 ·
182 2310 255 2376 Ost.
280 2313 434 2399 prmterea
455 2307 522 2374 III:
549 2310 600 2373 18.

332 2435 372 2500 In
405 2458 463 2500 usu
498 2431 598 2499 dativi
631 2429 782 2519 temporis
816 2431 982 2498 observare
1014 2430 1100 2511 licet,
1128 2431 1169 2498 ad
1191 2432 1381 2500 vocabulum
1412 2435 1537 2521 tempus
1562 2431 1667 2522 ipsum
1694 2430 1885 2520 significans,

182 2582 311 2650 semper
339 2558 487 2626 additum
515 2580 583 2624 esse
605 2556 795 2623 vccabulum
818 2554 906 2623 aliud
928 2554 1087 2643 quoddam
1109 2556 1176 2624 sive
1198 2556 1391 2645 adjectivum
1412 2557 1479 2625 sive
1501 2557 1734 2629 substantivum
1755 2557 1789 2623 in
1812 2581 1886 2624 casu

158 2685 327 2773 ·genitiv0
363 2688 582 2777 constructum
611 2680 678 2748 sive
712 2680 892 2748 articulum.
938 2680 1018 2748 Loci
1047 2687 1135 2748 sunt:
1170 2682 1198 2748 I:
1224 2685 1277 2761 28,
1301 2686 1354 2764 36,
1378 2686 1431 2763 39,
1456 2686 1509 2763 41,
1534 2686 1587 2765 63,
1613 2686 1686 2763 121,
1713 2685 1885 2763 127‚137,

184 2812 268 2877 149.
315 2807 377 2877 IV:
404 2810 455 2887 17,
480 2811 522 2874 29
543 2805 606 2873 alii.
653 2805 767 2873 Multis
794 2812 901 2873 tamen
934 2806 1012 2873 loeis
1045 2805 1154 2873 addita
1187 2807 1342 2896 reperitur
1375 2806 1556 2897 praepositio
1585 2807 1675 2875 velut
1701 2807 1730 2874 I:
1754 2812 1807 2889 36,
1830 2811 1884 2887 40,

185 2938 240 3002 83.
278 2931 347 2998 ΠΙ;
372 2937 402 3013 5,
427 2937 457 3013 6,
482 2936 533 3012 22,
558 2935 611 2999 38.
647 2932 709 3001 IV:
734 2935 765 3012 3,
790 2930 896 2998 aliis¹
919 2969 961 2980 -
984 2930 1126 2997 Nomina
1148 2931 1215 2999 dies
1237 2930 1335 2999 festos
1357 2931 1569 3020 significantia
1588 2932 1646 3001 tali
1669 2939 1777 3000 carent
1798 2957 1886 3001 vocs·

179 3060 263 3127 bulo
288 3058 405 3125 addito.
452 3057 599 3143 Quorum
632 3056 787 3145 exempla,
822 3080 921 3144 quum
945 3056 1012 3144 jam
1039 3055 1073 3122 in
1100 3080 1160 3123 usu
1181 3056 1308 3124 articuli
1331 3057 1591 3138 enumeraverim,
1615 3056 1668 3125 hic
1691 3058 1885 3127 omittantur.

183 3223 230 3234 —
257 3183 316 3248 Ad
342 3184 430 3249 hune
452 3182 595 3249 dativum
618 3180 829 3261 referendum,
853 3181 957 3262 eredo,
981 3182 1173 3271 exemplum,
1198 3182 1283 3270 quod
1306 3183 1442 3251 occurrit
1463 3183 1492 3250 I:
1520 3187 1582 3249 120
1605 3186 1633 3251 ελ
1650 3186 1708 3272 μὲν
1730 3187 1767 3251 οδ
1786 3187 1888 3271 βούλει

183 3308 421 3386 ἐπιδικάζεσθαι,
446 3308 496 3398 ἔχε
523 3310 596 3399 τύχῃ
623 3308 727 3398 δγαδῆ
753 3306 842 3384 tri-,⁸
873 3330 945 3392 quse
975 3305 1156 3394 gratulandi
1185 3307 1323 3374 fonuula
1349 3306 1555 3375 usitatissima
1577 3313 1644 3376 erat
1667 3307 1805 3391 Graeois;
1829 3309 1885 3376 cfr.
1943 3354 1947 3361 -

178 3432 275 3521 quod
299 3430 404 3499 latine
425 3430 551 3498 dieitur:
575 3432 658 3519 quod
681 3433 800 3498 bonum
823 3429 962 3499 faustum
984 3431 1126 3519 felixque
1146 3431 1197 3499 sit.

332 3555 489 3642 Denique
521 3555 644 3623 silentio
677 3580 741 3624 uon
774 3562 823 3624 eet
854 3555 1119 3645 praetereundum,
1155 3580 1323 3646 usurpasse
1356 3556 1453 3624 etiam
1486 3558 1697 3641 Andocidem,
1724 3566 1888 3647 poetarum

181 3681 326 3750 maxime
361 3705 460 3764 more,
491 3680 629 3749 dativum
659 3682 753 3748 illum
779 3681 913 3749 localem
926 3682 947 3763 ⁴,
976 3681 1032 3767 qui
1055 3681 1170 3749 dieitur
1193 3682 1221 3749 I:
1248 3686 1307 3749 111
1334 3686 1434 3774 ἐπειδὴ
1458 3688 1516 3775 yde
1539 3686 1670 3775 ἧλδογιεν
1694 3686 1888 3755 δλεοοινύύεν

182 3814 232 3875 καὶ
256 3812 277 3897 ἣ
300 3809 427 3886 ἔνδείξις
447 3809 613 3898 ἐγεγένητο,
636 3809 764 3898 προσῄει
786 3812 803 3871 6
823 3808 966 3894 βασιλεύς
985 3812 1054 3897 περὶ
1076 3814 1136 3875 τῶν
1158 3811 1361 3899 γεγενημένων
1384 3810 1519 3877 Ἐλεοοὶνι
1538 3814 1613 3878 κατὰ
1629 3814 1682 3901 τὴν
1697 3814 1817 3901 τελετήν
1831 3814 1888 3878 κτλ

748 4167 819 4271 Ι)ο
856 4199 948 4270 usu
986 4166 1349 4302 adjectivorum.

333 4413 413 4480 Jam
435 4438 520 4496 vero,
551 4419 589 4481 ut
614 4438 707 4483 usum
730 4414 959 4503 adjectivorum
981 4414 1090 4505 paucis
1113 4414 1277 4502 attingam,
1301 4413 1408 4481 videre
1430 4413 1515 4496 lieet,
1538 4414 1659 4482 variare
1681 4413 1836 4503 adjectiva
1857 4420 1890 4481 et

168 4540 341 4612 adverbia
367 4539 403 4605 iu
430 4540 542 4607 eadem
571 4538 636 4608 fere
663 4540 893 4628 significatione
915 4540 1026 4630 posita,
1051 4540 1141 4629 eujus
1163 4539 1322 4607 scribendi
1343 4539 1467 4661 generis
1489 4539 1634 4629 exempla
1656 4540 1795 4621 afferam,
1819 4564 1890 4629 qum

337 4736 435 4792 'Vide
452 4737 653 4805 unrocum,
675 4739 716 4794 ll.
753 4737 819 4794 Curi
844 4738 987 4807 etilo).
1489 4774 1494 4781 ·

333 4825 345 4855 ²
364 4827 408 4881 Dc
430 4828 612 4895 praepositione
630 4830 657 4881 ἐν
674 4828 766 4883 addita
783 4830 811 4881 et
828 4827 925 4882 omissa
943 4826 990 4881 cir.
1008 4826 1098 4882 Kihn.
1119 4827 1135 4894 θ
1152 4827 1205 4881 426
1223 4830 1312 4882 annot.
1331 4828 1348 4880 4
1368 4829 1395 4882 et
1413 4827 1495 4896 Krug.
1513 4828 1530 4895 5
1546 4826 1589 4890 48,
1607 4826 1624 4880 2
1643 4830 1732 4881 annot.
1752 4827 1776 4881 3.
1813 4826 1892 4881 Proh·

169 4919 278 4990 berger
296 4915 334 4971 ad
354 4916 466 4984 Lysiam
484 4916 506 4971 1:
524 4917 568 4972 42.
605 4916 658 4972 Cir.
676 4917 755 4971 etiam
774 4916 861 4972 Kiho.
881 4918 897 4983 g
916 4916 968 4970 426
987 4919 1076 4971 annot.
1096 4916 1121 4970 5.

334 5003 422 5059 'Ciu
439 5004 527 5061 Kishn.
546 5006 562 5074 §
578 5006 639 5069 426,
657 5006 683 5060 8.
789 5022 794 5031 ·

335 5095 345 5121 “
367 5092 422 5147 Cir.
440 5095 527 5148 Kulrn.
546 5096 562 5161 8
580 5096 640 5156 426,
662 5096 674 5148 1
695 5097 722 5149 et
739 5100 829 5150 annot.
848 5094 873 5150 2.
