4480 5940
479 307 521 371 24

432 462 615 552 hujusmodi
641 463 810 530 verborum
837 460 946 527 formis
973 460 1082 528 addita
1110 466 1159 527 est
1187 460 1367 550 praepositio
1397 464 1454 529 ῦιτδ
1481 462 1569 529 velut
1591 462 1619 527 I:
1645 465 1688 528 56
1712 464 1805 547 (ἀλλὰ
1828 470 1948 552 ιτμῶιον
1971 466 2026 531 αὲν
2048 467 2133 551 ὑμᾶς)

433 590 497 657 εἶτα
526 591 560 655 δὲ
588 591 636 654 καὶ
663 590 732 667 τοῦς
756 588 866 666 ἄλλους
890 590 1025 666 ἅπαντας
1045 586 1157 675 μαδεῖν
1179 589 1224 653 δτι
1245 586 1315 653 οὔτε
1332 589 1411 674 μετὰ
1434 588 1536 665 κακίας
1555 586 1626 654 οὔτε
1643 588 1710 675 μετ’
1733 590 1897 677 ἀνανδοίας
1916 590 2059 676 οὐδεμιᾶς
2078 597 2134 657 τῶν

433 716 637 804 γεγενημένων
666 714 828 802 πέτμακται
857 712 905 779 ὑπ’
934 714 1007 800 ἐμοῦ
1034 713 1123 779 οὐδέν
1128 741 1140 792 ,·
1168 709 1201 778 Ι;
1227 714 1279 790 25,
1307 714 1336 776 οἱ
1364 713 1392 777 δ’
1420 716 1522 801 ἥκουσι
1549 713 1599 778 καί
1624 714 1695 778 ελσιν
1723 713 1835 780 ἐνθάδε
1865 716 1912 779 καί
1935 718 2069 802 ποίμεισιν
2090 716 2134 781 ὑπ’

433 841 505 926 ἐμοῦ
528 840 703 928 κεκλημένοι
749 836 800 902 Ao
824 834 955 921 quidem
977 834 1011 901 in
1035 834 1214 902 differentia
1236 834 1332 923 hujus
1348 834 1513 922 utriusque
1527 835 1651 923 generis
1667 835 1794 903 dicendi
1809 835 2030 926 perspicienda
2045 838 2134 905 facilc

433 963 598 1030 observare
626 961 710 1035 licet.
739 967 898 1028 structura
919 958 987 1039 illa,
1017 984 1080 1047 qua
1101 959 1245 1026 redditur
1267 984 1401 1049 persona
1424 984 1495 1047 quae
1518 959 1635 1027 dicitur
1658 960 1780 1048 agentis
1802 985 1859 1051 per
1881 961 2134 1051 praepositionem

432 1090 489 1155 ῦιτδ
519 1110 644 1175 quaque
673 1084 802 1172 quidem
825 1084 951 1173 plenius
973 1085 1143 1174 exponitur
1165 1091 1275 1152 auctor
1296 1084 1374 1175 ipse,
1397 1083 1655 1174 perspicuitatem
1678 1086 1838 1173 quandem
1861 1085 1946 1153 effici
1972 1088 2133 1176 majorem,

432 1211 527 1278 latius
551 1217 657 1277 autem
679 1217 787 1300 patere
810 1232 975 1297 personam
999 1208 1088 1275 illam
1111 1233 1167 1299 per
1189 1209 1332 1276 dativum
1353 1209 1521 1290 redditam,
1550 1234 1625 1277 nam
1653 1208 1777 1277 dativus
1800 1235 1864 1277 non
1887 1215 1953 1278 tam
1976 1216 2134 1279 auctorem

432 1334 565 1402 actionis
587 1335 745 1422 significat
768 1358 866 1420 quem
889 1357 972 1413 eum,
997 1333 1038 1399 ad
1061 1359 1155 1421 quem
1178 1334 1335 1403 redundat
1357 1335 1440 1401 actio
1463 1335 1561 1424 ipsa.¹

572 1460 739 1547 Frequens
761 1465 809 1526 est
831 1483 907 1526 usus
930 1457 1028 1525 dativi
1051 1458 1174 1526 ethioi'
1198 1459 1253 1548 qui
1276 1467 1414 1540 vocatur,
1440 1484 1535 1548 quem
1558 1460 1599 1527 ad
1622 1460 1719 1527 verba
1741 1464 1849 1537 καλεῖν,
1873 1464 2042 1549 λαιςθιίνειν,
2066 1465 2132 1530 dua·

432 1589 606 1671 γιγνώσκειν,
629 1587 706 1675 έχεω
729 1582 852 1650 addidit
874 1583 1067 1650 Andocides,
1113 1574 1194 1650 Loci
1216 1590 1303 1651 suut:
1337 1584 1371 1651 I:
1399 1588 1449 1664 13,
1476 1587 1527 1665 14,
1556 1589 1605 1664 15,
1633 1589 1683 1664 18,
1709 1588 1761 1664 28,
1786 1588 1838 1663 34,
1864 1589 1916 1665 46,
1940 1590 1992 1664 69,
2012 1589 2064 1667 76,
2082 1590 2130 1665 82,

433 1712 485 1790 85,
510 1713 563 1788 87,
588 1713 640 1789 90,
666 1712 717 1789 96,
745 1712 819 1789 112,
846 1712 918 1791 123,
945 1711 1006 1775 127
1031 1709 1158 1796 aliique.

572 1833 684 1900 Dativi
706 1833 956 1900 instrumentalis
968 1834 989 1912 ³,
1014 1833 1069 1920 qui
1091 1833 1258 1921 significat,
1284 1858 1346 1919 quo
1371 1833 1443 1920 quis
1466 1834 1677 1901 instrumento
1700 1857 1765 1900 nou
1787 1835 1891 1900 solum
1915 1834 2062 1924 corporis,
2079 1835 2131 1901 sed

431 1957 528 2024 etiam
556 1962 593 2024 ut
620 1958 665 2025 ita
691 1959 795 2025 dicam
823 1958 921 2024 animi
948 1957 1071 2043 aliquid
1093 1958 1222 2039 efficiat,
1252 1960 1321 2025 brec
1344 1960 1512 2026 aderamus
1535 1959 1697 2048 exempla:
1721 1958 1754 2023 I:
1779 1963 1832 2039 94,
1857 1963 1907 2026 τὸν
1927 1962 2129 2045 βουλεύσαντα

433 2086 466 2150 ἐν
500 2096 546 2173 τῷ
572 2085 660 2173 αὐτῷ
684 2084 842 2173 ἐνέχεσθαι
871 2087 919 2150 καὶ
946 2087 996 2150 τὸν
1026 2098 1068 2175 τῇ
1088 2089 1169 2174 χειμὶ
1198 2087 1420 2173 έογιισιίαενον,
1455 2086 1486 2150 I:
1512 2089 1564 2152 97.
1611 2083 1644 2148 I:
1673 2088 1745 2162 144,
1770 2085 1869 2151 ἔπειτα
1892 2086 1927 2151 δὲ
1950 2089 2046 2152 καινδν
2063 2087 2129 2169 βίον

432 2211 617 2299 ελμγασιίαην
639 2211 673 2275 ἐκ
694 2214 746 2275 τοῦ
770 2210 891 2285 δικαίου,
915 2221 957 2298 τῇ
990 2212 1092 2297 γνώμῃ
1115 2213 1163 2276 καί
1187 2216 1250 2276 ταῖν
1267 2216 1374 2300 χεμοῖν
1397 2217 1461 2277 ταῖν
1484 2212 1630 2298 ἐμαυτοῦ,
1653 2208 1724 2274 ΙΠ;
1752 2212 1802 2275 10.
1849 2209 1910 2278 IV:
1936 2210 1966 2289 9,
1991 2214 2031 2275 32
2056 2209 2126 2274 alia.

432 2333 496 2397 Per
522 2356 695 2422 pronomen
726 2332 869 2399 redditur
897 2331 949 2399 hic
978 2332 1102 2400 dativus
1132 2333 1205 2399 III:
1230 2338 1260 2412 5,
1292 2337 1356 2402 ἀντὶ
1384 2337 1419 2401 δὲ
1443 2342 1502 2401 τῶν
1526 2338 1657 2424 τμιὴμων
1681 2338 1711 2399 αῖ
1736 2337 1801 2401 τότε
1824 2337 1891 2423 ἡμῖν
1913 2335 1989 2423 ἦσαν
2011 2337 2127 2400 παλαιαὶ

433 2462 481 2524 καλ
513 2458 608 2531 ἄπλοι,
642 2459 690 2536 αἶς
718 2458 846 2542 βασιλέα
880 2462 928 2524 καλ
958 2460 1141 2547 βαοβαμους
1172 2462 1491 2549 καταναυμαχήσαντες
1522 2461 1777 2548 ἦλευδεμώσαμεν
1812 2460 1881 2537 τοὺς
1907 2456 2043 2546 Ἕλληνας
2066 2461 2122 2522 κτλ.

574 2581 689 2650 Variat
712 2606 784 2648 cunr
806 2582 867 2648 hoc
890 2581 997 2648 dativo
1019 2581 1201 2670 praepositio
1224 2587 1298 2651 κατὰ
1320 2588 1474 2670 sequente
1496 2583 1676 2650 accusativo
1700 2583 1772 2649 III:
1800 2586 1851 2663 ll,
1874 2586 1943 2649 ὅταν
1957 2584 2120 2671 mar-poam

432 2710 506 2775 κατὰ
530 2711 581 2774 τδν
603 2710 738 2796 πόλεμον.
786 2706 852 2772 Ofr.
877 2730 923 2787 es,
949 2730 1021 2793 quaa
1043 2713 1235 2793 sequuntur:
1260 2711 1363 2797 ὥσπερ
1387 2712 1472 2797 ι’γμιῦν
1494 2713 1696 2799 κοαιήσαντες
1717 2709 1936 2796 Λακεδαιμόνιοι
1950 2718 1995 2796 τῷ
2009 2708 2124 2793 πολέμῳ

432 2836 490 2900 κτλ
514 2841 546 2899 et
568 2832 640 2900 III:
666 2838 707 2897 39
732 2833 931 2922 κφάιηδέντες
952 2835 986 2899 δὲ
1008 2845 1058 2921 τῷ
1076 2836 1198 2922 πολέμῳ
1222 2840 1260 2900 τιί
1282 2860 1314 2900 τε
1337 2834 1414 2899 ἄλλα
1437 2836 1635 2921 ἀπωλέσαμεν
1657 2836 1715 2900 κτλ

573 2957 781 3024 Pervenimus
812 2956 853 3022 ad
880 2956 977 3023 dativi
993 2982 1023 3021 ur
1051 2958 1173 3023 oausa‘
1201 2956 1257 3044 qui
1285 2962 1426 3037 vocatur,
1458 2958 1512 3044 qui
1542 2982 1606 3025 nou
1635 2957 1740 3023 solum
1763 2955 1868 3027 verbis
1890 2956 2022 3045 passivis
2044 2954 2128 3019 velut

433 3083 461 3148 I:
486 3085 538 3162 37,
565 3086 638 3161 114,
663 3082 724 3151 IV:
749 3085 792 3148 26
815 3087 848 3148 et
869 3080 998 3148 mediis:
1028 3081 1055 3147 I:
1083 3085 1155 3162 146,
1180 3082 1227 3148 II:
1254 3085 1284 3162 9,
1310 3086 1351 3149 24
1375 3081 1552 3171 subjicitur,
1576 3081 1751 3148 sedetiam
1774 3081 1894 3164 activis,
1920 3081 2008 3147 velut
2029 3079 2056 3144 I:
2077 3084 2128 3157 56,

433 3207 479 3273 Ι[;
506 3211 535 3287 7,
560 3212 612 3285 24,
637 3205 771 3293 aliisque
793 3205 826 3271 in
849 3206 936 3274 locis.

575 3331 683 3398 Minus
705 3331 840 3398 usitatus
863 3340 910 3397 est
933 3330 1094 3397 Andocidi
1117 3330 1242 3398 dativus
1267 3329 1500 3397 limitationis⁶z
1525 3333 1553 3397 I:
1580 3335 1642 3397 119
1666 3335 1802 3420 ὴερῦιιεν
1824 3334 1862 3398 ἅν
1885 3333 1963 3417 γένει
1985 3331 2069 3408 ὄντες
2088 3330 2131 3413 ἐγ·

384 3526 394 3547 a
433 3462 551 3541 γυτιίτω
574 3444 651 3547 ἔχειν
675 3459 728 3535 τὰς
748 3459 870 3538 παῖδας,1
892 3455 959 3521 III:
983 3460 1022 3521 16
1045 3458 1073 3522 εἰ
1095 3458 1192 3523 τοίνυν
1215 3460 1283 3546 πεμλ
1311 3459 1417 3524 τοῦτον
1441 3459 1498 3544 μὲν
1525 3456 1586 3522 ἔδει
1608 3458 1753 3543 πολεμεῖν,
1778 3460 1921 3546 χρήματα
1945 3458 1980 3522 δὲ
2003 3458 2132 3545 ῦμῆμχεν

433 3585 500 3670 ἡμῖν
523 3584 617 3653 ἱκανά,
641 3589 701 3659 τοῖς
721 3583 756 3647 δὲ
778 3584 910 3669 σώμασιν
933 3582 1005 3671 ἦμεν
1028 3582 1157 3655 δυνατοί,
1180 3583 1252 3648 οῦδὲ
1274 3583 1374 3659 οῦτως
1395 3581 1630 3669 ἔδει·ττιίλεμεῖν,·
1653 3580 1714 3647 IV:
1739 3584 1781 3645 42
1805 3583 1896 3656 καίτοι
1911 3586 2052 3670 τυγχιίνω
2068 3606 2131 3646 νενι-

432 3708 528 3795 κιχκιῦς
548 3707 693 3795 εὐανδρίᾳ
717 3710 764 3771 καί
786 3708 914 3799 λαμιτιίδι
936 3709 984 3771 καὶ
1007 3709 1176 3794 τμαγωδοῖς
1195 3709 1253 3772 κτλ

574 3830 600 3895 J
601 3852 652 3894 am
674 3853 770 3919 suprs
791 3829 824 3895 in
848 3829 1063 3919 disputatione
1085 3829 1125 3895 de
1148 3855 1207 3896 usu
1231 3803 1402 3897 accusativi
1418 3829 1623 3909 ostendimus,
1641 3853 1724 3917 saepe
1740 3852 1904 3895 occurrere
1919 3829 2135 3895 accusativum

432 3977 528 4040 quem
550 3952 661 4020 dicunt
684 3951 892 4022 Grammatioi
915 3978 1080 4021 mensurae.
1127 3955 1203 4020 Non
1226 3960 1333 4020 tamen
1357 3954 1464 4021 deesse
1488 3954 1572 4044 apud
1595 3956 1680 4021 hunc
1704 3960 1863 4021 auctorem
1886 3953 2034 4020 dativum
2054 3979 2135 4020 meu-

432 4103 514 4145 surm
524 4068 541 4110 '⁰
574 4080 642 4145 hmo
676 4080 843 4145 ostendent
877 4079 1036 4168 exempla:
1072 4081 1100 4145 I:
1126 4083 1168 4145 24
1196 4081 1215 4169 ἦ
1242 4107 1299 4147 που
1331 4084 1407 4171 τοίχα
1435 4084 1539 4169 πολλοὶ
1560 4083 1735 4169 φαυλότερα
1754 4081 1873 4168 ῥαδίως
1894 4082 1959 4168 ὑμῖν
1983 4082 2135 4156 ἀποδείξω

432 4206 637 4293 ψευδομένους
658 4206 782 4285 αὐτούς
805 4205 832 4269 Ι;
858 4207 899 4271 64
923 4206 1043 4282 ἐκείνοις
1063 4207 1098 4271 δὲ
1120 4206 1175 4271 οῦκ
1195 4205 1248 4293 ἐμὲ
1270 4208 1366 4272 δεινὸν
1390 4207 1471 4277 εἶναι,
1487 4209 1530 4272 ὅτι
1546 4206 1623 4275 οἶδα.
1639 4207 1715 4270 ἀλλὰ
1726 4208 1841 4293 μᾶλλον
1857 4208 1891 4271 τὸ
1906 4205 1997 4294 έγμον
2014 4209 2136 4294 antiph

431 4330 540 4394 11:10
564 4332 665 4419 ineat]
688 4332 723 4396 δὲ
742 4331 847 4418 χρόνῳ
870 4330 995 4417 ὕστερον
1018 4332 1142 4419 εἰσῆλθέ
1160 4357 1220 4416 μοι.
1242 4333 1345 4419 ὥσπερ
1369 4332 1452 4408 είκιίς,
1475 4331 1614 4417 ἐπιθυμία
1637 4332 1695 4395 κτλ.
1741 4329 1808 4396 III:
1823 4333 1865 4395 30
1889 4333 1944 4423 τήν
1967 4355 1999 4396 τε
2024 4357 2136 4419 συμμα-

577 4544 584 4574 ¹
603 4543 656 4599 cu.
675 4544 763 4598 Kuhu.
782 4540 798 4609 ἓ
816 4543 868 4598 423
887 4547 976 4599 annot.
996 4542 1039 4598 27.

575 4630 657 4687 ’cn
677 4633 765 4688 Kahn.
784 4631 800 4698 β
819 4632 879 4693 423,
898 4633 932 4685 25
951 4632 988 4698 d).

576 4719 586 4748 ⁸
604 4720 670 4775 Vide
688 4721 776 4776 Ruhn.
795 4720 811 4786 4
828 4722 889 4785 425,
907 4720 933 4783 2,
954 4724 978 4774 3.
1014 4720 1088 4775 Cart.
1107 4722 1123 4789 ἐ
1140 4722 1192 4775 438
1211 4725 1247 4786 a).

605 4810 658 4864 Cir.
678 4810 765 4864 liuha.
784 4809 800 4875 ἕ
818 4810 879 4867 425,
898 4810 924 4863 8.
961 4808 1034 4863 Curt.
1054 4812 1070 4878 ἕ
1088 4811 1140 4863 438
1159 4811 1194 4877 b).

575 4895 585 4923 ⁸
603 4897 669 4953 Vide
688 4898 775 4953 liuha.
795 4899 811 4965 ,8
829 4899 888 4961 425,
908 4899 932 4951 9.

575 4984 585 5013 ·
604 4986 671 5047 Vide
689 4988 768 5041 Kuhn
787 4986 803 5053 ἐ
821 4990 881 5052 425,
904 4988 945 5040 lo.
984 4986 1056 5052 Cart,
1076 4990 1092 5057 ς
1111 4988 1172 5041 tto.

2227 3838 2228 3891 1

2226 3992 2228 4071 1
